4075 5242
591 590 690 670 arn.
717 591 768 668 rr.
800 589 956 670 sacr.
983 594 1038 672 11.
1064 593 1185 676 err.
1211 595 1296 674 xv.
1503 591 1572 695 σῃ
1685 614 1688 623 ·

215 777 219 781 ’
305 754 455 830 Notarii
477 751 718 834 Auditorum
734 775 847 854 rotae,
871 762 1132 840 Procuratores
1155 761 1462 864 poenitentiarius,
1480 763 1569 836 Pro·

297 875 494 942 tutatores
522 865 865 960 cmmduarum,
887 869 1174 962 Abbreriatorer
1195 869 1243 952 de
1265 873 1389 976 prima
1407 867 1569 966 risione,

298 969 355 1050 de
377 979 490 1053 Ptrco
504 974 661 1073 minori,
676 977 888 1080 Scriptores
901 982 1207 1082 poenitentiariae,
1236 983 1439 1088 Scriptores
1462 985 1567 1082 Apo·

301 1080 451 1180 stolici,
474 1084 639 1188 Magistri
662 1084 854 1190 utriusque
875 1089 1037 1193 registri,
1060 1089 1349 1170 Abbreriatores
1370 1089 1417 1170 de
1450 1095 1565 1170 Pareo

213 1226 217 1236 ·
304 1195 452 1293 majori,
466 1193 688 1291 Bullatores,
705 1195 872 1300 Magistri
889 1201 1062 1303 plumbi,
1085 1206 1347 1282 Procuratores
1369 1201 1563 1296 ordinum,

300 1307 563 1410 Procuratores
578 1307 1265 1412 Principum,&Baroues,·Cantores,
1280 1311 1462 1392 Acoluthi
1484 1309 1561 1406 fine

117 1478 144 1516 ,
295 1416 430 1512 cereis,
455 1416 595 1499 clerici
622 1441 798 1514 camerae,
819 1422 1023 1500 Auditores
1046 1443 1156 1518 rotae,
1184 1426 1355 1526 quinque
1379 1421 1561 1503 Aeoluthi

143 1567 151 1574 ·
299 1534 390 1605 cuin
412 1525 654 1620 candelabris,
669 1528 910 1626 subdiaconi,
930 1555 1097 1633 quorum
1119 1557 1217 1612 unus
1239 1535 1338 1612 inter
1361 1529 1458 1611 duos
1481 1517 1561 1608 mb-

297 1634 564 1718 directorem
582 1656 724 1742 portet,
742 1642 1022 1740 Poenitentiarii,
1036 1641 1212 1738 Abbates,
1227 1641 1409 1746 Episcopi,
1422 1642 1559 1720 Archi·

299 1744 477 1852 episcopi,
492 1749 686 1846 Oratores,
708 1749 847 1826 Prolati
869 1753 1006 1854 parati,
1031 1753 1208 1840 Diaconi,
1227 1751 1451 1855 Presbyteri,
1475 1751 1560 1854 Epi·

186 1845 221 1872 ”
298 1856 644 1960 scupiCardionles,
666 1859 746 1962 duo
771 1863 932 1940 Diaconi
956 1863 1175 1940 Cardinales
1197 1861 1371 1940 Pontifici
1394 1857 1558 1958 assisten·
1700 1953 1705 1960 ⁶
1833 1829 1835 1836 Α

136 2047 143 2056 ,
288 1966 517 2078 aeq-,srPapa
534 1971 761 2074 portaturis
774 1967 879 2050 sede:
909 1971 1039 2052 sivero
1054 1977 1153 2075 Papa
1178 1971 1247 2052 suis
1271 1972 1426 2076 pedibus
1449 1973 1556 2048 inec·

295 2077 368 2175 dit,
384 2081 541 2161 Diaconi
557 2081 647 2158 hinc
663 2079 752 2158 inde
765 2101 916 2182 portant
939 2081 1103 2162 fimbrias
1120 2083 1308 2186 pluvialis,
1332 2086 1369 2162 de
1391 2078 1556 2158 scutiferi

294 2189 543 2294 Papatstnguli
557 2190 700 2293 singula
715 2192 906 2270 intorricia
928 2213 1135 2297 portantes:
1165 2191 1243 2282 duo
1259 2191 1440 2269 Aeoluthi
1463 2211 1554 2268 cum

296 2298 545 2396 candelabris,
566 2300 646 2379 duo
660 2301 722 2382 rlii
739 2301 921 2384 Acolurhi
938 2327 1027 2383 cum
1043 2301 1266 2400 thuribulis,
1289 2301 1472 2380 continue
1485 2301 1551 2399 jn·

285 2407 487 2511 ,acusantes
502 2434 593 2494 anre.
611 2415 916 2512 Sacramentum,
937 2415 976 2491 δι
998 2436 1096 2492 unus
1116 2413 1209 2530 dius
1232 2411 1464 2510 Acolutbus,
1486 2411 1554 2511 qui

286 2522 755 2626 maniculamportatcum
778 2523 910 2612 thurea
934 2523 1056 2625 quod,
1078 2547 1164 2602 cum
1186 2549 1283 2627 opus
1300 2521 1362 2618 sit,
1383 2521 1553 2622 imponit

286 2631 514 2718 ‚thuribuloz
542 2637 638 2735 Papa
654 2629 719 2710 [uu
736 2633 973 2727 baldachino,
995 2633 1146 2712 auditor
1170 2635 1218 2712 de
1241 2634 1352 2712 mitra
1377 2629 1552 2722 serviens,

293 2741 442 2825 medius
455 2744 553 2822 inter
568 2742 664 2822 duos
680 2742 926 2836 cubicularios
948 2739 1127 2822 secretos:
1154 2744 1377 2824 secretarius
1391 2731 1549 2844 Papinii

255 2893 260 2902 ·
292 2851 447 2938 nonest
464 2852 647 2952 Praelatus,
663 2877 750 2934 cum
768 2854 924 2934 Medico
940 2859 1055 2960 Papae,
1070 2855 1338 2950 Protonotarii,
1353 2847 1550 2957 Praelati,si

283 2963 462 3069 ,quisunt
477 2987 557 3042 nou
581 2966 724 3067 parati,
744 2965 945 3044 Generales
969 2965 1169 3042 ordinum:
1198 2990 1298 3066 quos
1316 2963 1469 3045 tandem
1493 2955 1551 3040 sc«
1575 3031 1580 3038 .

291 3095 457 3178 quantur
483 3078 603 3178 togati
627 3098 797 3153 omnes·
830 3081 916 3150 Hoc
930 3074 1066 3152 ordine
1087 3075 1162 3152 itur
1185 3099 1249 3178 per
1272 3075 1372 3152 siam
1394 3072 1550 3167 redlam,

291 3183 468 3288 usquead
488 3183 649 3292 callrum
666 3183 776 3262 sanni
793 3184 943 3284 angeli,
958 3185 994 3262 dr
1007 3207 1074 3286 per
1088 3183 1200 3261 aliam
1218 3185 1340 3280 viam,
1361 3205 1441 3283 qua:
1467 3176 1548 3254 san·
1579 3269 1587 3294 ἱ

278 3295 352 3383 ,ἂι
366 3295 517 3388 dicitur,
530 3295 729 3374 revertitur
743 3294 792 3372 ad
807 3293 990 3374 basilicam
1014 3293 1135 3372 Sansti
1163 3295 1281 3390 Petri,
1302 3281 1329 3370 st
1350 3289 1391 3370 fit
1416 3295 1545 3388 Roma:

164 3489 167 3494 ,
240 3476 246 3497 ,
289 3406 390 3514 apud
407 3405 589 3496 'sancium
611 3411 781 3486 Petrum:
812 3403 989 3484 sautem
1004 3405 1100 3484 ¹aiibi
1122 3404 1164 3482 sit
1190 3411 1307 3510 Papa,
1336 3398 1545 3497 ordinabit,

290 3513 489 3622 quousque
512 3517 684 3622 progredi
707 3517 908 3619 placuerit,
930 3519 966 3593 de
989 3517 1041 3592 ita
1065 3513 1277 3592 servabitur.
1333 3511 1548 3594 Adverten·

289 3628 385 3710 dum
401 3649 529 3706 tamen
554 3627 618 3722 eli,
638 3625 742 3728 quod
765 3621 955 3727 digniores
982 3624 1147 3719 nobiles,
1163 3623 1224 3699 seu
1246 3627 1426 3698 Oratores
1442 3619 1543 3710 laici,

123 3715 137 3740 χ
287 3759 441 3850 portare
456 3737 595 3818 deb'ent
610 3734 874 3816 baldachinum
893 3761 915 3814 a
932 3735 1140 3838 principio,
1162 3734 1199 3808 dc
1222 3729 1314 3806 dum
1340 3731 1453 3806 intrat
1474 3731 1543 3802 Ec·

287 3850 435 3932 ciefiam
451 3852 491 3928 in
507 3847 596 3926 fine.
655 3849 810 3927 interim
828 3865 955 3926 autern
972 3845 1101 3920 medio
1125 3843 1258 3918 itinere
1280 3837 1372 3916 illud
1389 3853 1544 3940 portant

280 3963 486 4056 ,inferiores
509 3958 677 4056 nobiles,
699 3962 765 4061 qui
789 3956 927 4034 imitari
950 3953 1070 4034 solent
1094 3953 1297 4055 superiores
1331 3974 1394 4054 per
1427 3949 1542 4029 viam.

277 4081 374 4169 ,Her
389 4094 518 4166 autem
531 4065 748 4174 supplicatio
763 4067 806 4145 fit
819 4067 1030 4166 longinque
1047 4066 1208 4158 brevior,
1219 4059 1539 4162 provoluntate&

286 4182 531 4290 dispositione
552 4173 768 4259 sanuitfinn
792 4179 953 4254 Domini
978 4174 1093 4252 nostri
1121 4183 1241 4276 Papa,
1269 4174 1306 4248 dt
1330 4169 1537 4275 aliquando

144 4297 154 4304 ’
282 4323 357 4407 pro
370 4297 554 4404 qualitate
572 4291 765 4399 temporis.
821 4286 907 4367 Vidi
929 4286 1137 4388 aliquando
1157 4305 1330 4390 ternpore
1351 4275 1540 4466 pluviosoti

876 4398 947 4479 Lll
973 4397 1038 4498 13
1318 4399 1323 4406 '
1390 4403 1510 4494 'quo
