4075 5242
469 605 539 691 570
688 529 1517 708 sacratunot'ntnontnnun
1613 548 1615 556 '

474 787 590 872 pore,
610 757 736 838 induit
757 758 793 836 le
816 757 1042 865 paramentis
1066 756 1240 836 violaceis
1262 755 1442 860 usquead
1459 758 1649 860 planetam
1668 771 1735 843 ex·-¹

475 874 636 972 clufite,
667 869 821 950 dimitiis
851 869 1098 948 chrirotlrecis
1120 868 1318 947 &annulo
1335 869 1568 972 Pontificali,
1600 877 1739 977 arripis

372 1060 379 1074 ,
477 984 650 1091 pluviale²
660 977 765 1087 super
780 980 1081 1076 dalmaticam&
1092 980 1244 1060 mirram
1260 978 1653 1076 albam,&acceditad
1669 983 1736 1062 nl·

477 1119 574 1198 tate,
588 1093 653 1174 ubi
669 1090 835 1198 depofirc
852 1093 964 1170 mitra
979 1087 1123 1170 adstans
1139 1093 1179 1168 in
1195 1115 1315 1172 cornu
1342 1088 1486 1170 finiliro
1502 1094 1654 1192 Altaria,
1678 1095 1734 1174 vi-

460 1201 621 1289 delicet
634 1203 807 1310 epillolae,
829 1201 1019 1284 benedicit
1033 1202 1197 1282 cinceres
1217 1203 1258 1280 in
1271 1203 1376 1280 lance
1393 1202 1535 1282 ibidem
1552 1201 1657 1311 super
1669 1203 1738 1287 nl·
1770 1245 1777 1254 ·

476 1339 556 1400 tare
572 1315 689 1423 polita
719 1340 786 1422 per
801 1313 1008 1412 sacristam,
1032 1333 1074 1391 ut
1098 1311 1204 1418 supra
1222 1312 1367 1394 didlum
1392 1312 1463 1397 est:
1490 1317 1593 1394 Cum
1619 1341 1735 1396 vene·

462 1433 558 1512 tint
579 1420 811 1526 Cardinales,
829 1427 1030 1530 impetrata
1045 1425 1210 1522 licentia,
1224 1425 1415 1504 celebrans
1438 1449 1527 1506 cunr
1552 1427 1662 1507 mitra
1683 1425 1736 1510 la·

342 1584 346 1593 «
481 1543 586 1624 ciens
607 1541 856 1620 reverentiam
879 1534 1164 1630 cardinalibus,
1186 1533 1567 1616 accedlttdmediunr
1588 1540 1739 1638 Altaria,
1796 1592 1800 1600 ·

480 1653 562 1748 ubi,
575 1650 740 1756 deposita
756 1650 881 1743 mitra,
894 1648 1044 1725 renibus
1059 1644 1106 1726 ad
1123 1645 1249 1725 Altate
1266 1643 1388 1744 serfis,
1401 1673 1422 1724 a
1437 1646 1573 1727 dextris
1593 1651 1735 1730 habens

200 1768 204 1773 ’
321 1835 324 1840 .
463 1762 762 1846 ,Subdiaconum
778 1759 940 1864 capellae,
955 1757 1094 1863 pelvim
1117 1783 1206 1836 curn
1230 1747 1416 1838 cineribus
1442 1783 1655 1840 reverenter
1679 1781 1736 1840 te·

464 1893 657 1968 nentem,
670 1871 784 1950 Priori
800 1869 1071 1974 Episcoporum
1088 1867 1350 1948 cardinalium
1367 1871 1406 1946 in
1431 1869 1492 1950 lua
1507 1896 1622 1978 cappa
1634 1873 1739 1952 lanea

354 2010 360 2019 ·
481 1983 663 2066 consueta
679 1981 726 2087 ad
743 1978 779 2058 le
794 1981 960 2060 seniensi
985 1981 1102 2079 llans,
1126 2001 1239 2092 caput
1262 1977 1610 2082 nuduminclinar,
1632 1983 1736 2092 super

462 2092 590 2200 ·quocl
611 2091 920 2198 priorfpredidius
939 2095 1056 2172 etiarn
1078 2091 1201 2194 capite
1224 2090 1374 2184 detedlo
1392 2093 1535 2174 cineres
1558 2095 1736 2199 imponit,

483 2209 632 2288 dicens:
661 2209 835 2284 Memento
855 2202 951 2282 burno
972 2201 1041 2298 (fc.
1101 2204 1174 2281 Cui
1200 2227 1288 2280 mox
1301 2200 1478 2284 ¹similiter
1498 2227 1611 2310 caput
1633 2206 1739 2286 incli·

136 2393 140 2405 .
297 2321 302 2328 ’
465 2318 599 2404 ‚nanti
628 2313 880 2418 celebraturus
908 2315 1075 2420 imponit
1112 2314 1227 2392 etiarn
1264 2313 1408 2392 eineres
1438 2315 1575 2396 eodern
1606 2315 1738 2398 modo.

484 2428 767 2510 Tumueniunt
782 2423 975 2506 luecelsrre
991 2422 1211 2504 cardinales
1233 2423 1368 2528 reliqui
1393 2424 1473 2507 bini
1496 2429 1532 2506 dc
1555 2427 1635 2518 bini
1653 2453 1740 2510 curn

481 2538 556 2620 luis
569 2540 695 2644 cappis
714 2535 931 2619 adtineret.
987 2542 1033 2614 Et
1048 2534 1250 2632 celebrans,
1267 2561 1356 2616 cum
1373 2536 1437 2618 dat
1450 2540 1742 2622 cineres'Ccrdi·

469 2649 645 2747 ‚nalibus,
662 2648 730 2728 liat
746 2647 822 2726 sine
849 2650 975 2745 mitra,
996 2645 1134 2724 deinde
1158 2671 1223 2752 pcr
1244 2648 1414 2728 Clericus
1437 2651 1585 2754 capelle
1609 2672 1742 2760 appot·

462 2764 585 2840 ‚ratur
602 2757 863 2854 faldistorium,
881 2758 920 2834 in
936 2782 1016 2858 quo
1031 2757 1221 2839 celebrans
1247 2753 1366 2856 ledet,
1391 2763 1427 2838 dc
1453 2783 1604 2864 accepta
1628 2767 1739 2844 mirre

463 2935 468 2946 .
484 2873 524 2965 dc
540 2867 717 2973 mappula
732 2888 802 2971 pro
815 2868 1000 2969 gremiali,
1014 2891 1129 2969 quam
1146 2869 1339 2952 Diaconos
1355 2873 1502 2976 capellae
1525 2873 1589 2952 fibi
1615 2879 1738 2980 impo-

464 2983 561 3076 nit,
583 2976 733 3058 duobus
755 2977 968 3082 capellanis
995 2973 1261 3082 superpelliciis
1283 2979 1445 3076 indutis,
1470 2984 1560 3063 hinc
1586 2987 1621 3066 dc
1646 2987 1735 3065 inde
1893 3051 1900 3062 .

462 3087 686 3196 ·genulleris
717 3088 821 3168 illam
851 3089 1087 3186 tenentibus,
1117 3091 1181 3171 dat
1211 3093 1354 3168 cineres
1383 3095 1562 3194 Praelatis,
1592 3101 1629 3176 dc
1659 3099 1738 3176 aliis

483 3197 666 3282 omnibus
684 3199 836 3280 adeum
855 3201 1114 3296 venientibus,
1134 3202 1200 3304 qui
1217 3225 1351 3282 omncs
1368 3202 1401 3282 le
1424 3205 1612 3308 profunde
1634 3209 1741 3288 incli-

481 3335 594 3410 nant,
606 3332 734 3390 tamen
751 3334 877 3412 neque
893 3309 1127 3407 Cardinalcs,
1141 3337 1266 3416 neque
1287 3312 1350 3390 alii
1370 3339 1549 3417 manunt,
1563 3321 1625 3397 vel
1640 3317 1740 3416 aliud

483 3424 627 3503 cineres
646 3422 889 3525 imponentis,
906 3419 1048 3498 debent
1070 3421 1237 3508 osculati.
1293 3427 1398 3504 Datis
1414 3429 1623 3528 cineribus,
1645 3427 1739 3514 cele·

484 3534 611 3629 brans,
626 3536 802 3609 Diacono
817 3533 853 3608 dt
868 3531 1111 3610 subdiacono
1127 3534 1285 3613 mantile
1303 3540 1530 3638 tenentibus,
1546 3543 1645 3622 lavat
1662 3569 1738 3626 ma·

482 3669 570 3743 nus,
586 3640 700 3748 surgit
716 3641 882 3747 deposita
896 3637 1019 3739 mitra,
1036 3667 1235 3724 amovctur
1252 3643 1512 3750 faldistorium,
1538 3655 1740 3762 &reponi-

480 3779 543 3839 tur
558 3758 598 3834 in
614 3755 705 3862 loco
719 3753 914 3852 consueto,
928 3757 966 3834 dr
983 3754 1077 3834 stans
1099 3757 1139 3834 in
1155 3779 1274 3836 cornu
1290 3760 1450 3864 cpillulae
1464 3763 1584 3844 versus
1601 3769 1743 3867 Altare,

446 3919 452 3936 ι
484 3870 596 3948 dicit:
622 3862 789 3945 Dominus
806 3865 984 3968 vobiscum.
1022 3865 1126 3972 Rclp.
1142 3871 1186 3948 Et
1201 3897 1278 3947 cum
1284 3871 1415 3974 spiritu
1427 3897 1497 3954 tuo.
1555 3882 1741 3959 Orernus:

459 3978 638 4061 ,amede
650 3977 742 4052 nobr'r
754 3978 914 4064 Domine,
930 3977 1020 4054 utr‘n
1034 3980 1221 4068 ordinario,
1242 3981 1380 4062 deinde
1403 4009 1594 4094 reaccepta
1614 3993 1739 4088 mitra,

456 4135 460 4142 ·
484 4088 588 4166 radit
603 4083 663 4162 ad
685 4082 952 4182 faldistorium,
980 4086 1138 4190 deponit
1161 4091 1344 4197 pluviale,
1375 4093 1581 4202 sedensque
1602 4104 1740 4208 acciplt

455 4260 460 4277 .
483 4196 740 4294 chirothecas,
768 4199 946 4302 incipitur
970 4195 1099 4298 Milia,
1128 4202 1168 4277 in
1196 4227 1290 4305 qua,
1321 4229 1408 4286 curn
1433 4207 1543 4310 dicit,
1573 4219 1739 4295 Dominus
1831 4299 1836 4308 ,

405 4297 414 4319 “
483 4307 1112 4427 uobiscum,aotcoresiooes,quae
1128 4311 1576 4427 epistulampratccdunt:
1604 4328 1741 4408 Cardi-

715 4443 719 4463 ‘
777 4481 782 4489 -
1129 4451 1132 4460 ¹
1626 4441 1746 4545 nales,
