4075 5242
446 619 517 714 ,93
661 563 1547 678 sacraruncnntuonrtnunt'
1651 561 1654 572 ’

445 781 704 872 subdiaconus
721 773 761 848 in
778 767 881 848 dieto
895 765 998 865 loco,
1013 763 1103 840 &ea
1119 779 1265 838 cantata
1282 761 1420 864 legitur
1437 782 1504 862 per
1517 757 1714 836 celebran-

441 923 524 982 tem
542 913 630 972 curn
645 881 798 965 Trana.
856 879 962 956 Alius
974 873 1097 978 postea
1111 871 1429 969 Tranusdtcinr,
1440 872 1507 972 qui
1517 870 1609 947 dunt
1623 893 1713 948 can·

447 1033 560 1103 tatur,
577 1015 775 1109 portantur
789 1010 1007 1099 paramenta
1025 985 1072 1063 ad
1090 1003 1277 1081 cantores,
1297 984 1333 1060 δι
1350 977 1424 1060 ιιόε
1438 1005 1481 1058 ex
1506 983 1559 1060 eir
1580 1005 1715 1085 paran-

447 1145 512 1204 tur
529 1140 599 1222 pro
617 1108 782 1218 pastione
797 1100 1002 1196 cantanda,
1028 1118 1071 1173 ur
1093 1095 1235 1182 disturn
1259 1092 1311 1172 est
1337 1094 1376 1168 in
1402 1093 1605 1170 Dominica
1631 1091 1713 1194 pal·

450 1252 614 1323 marum,
631 1220 751 1324 quiin
766 1211 1018 1292 fineTrtllue
1034 1207 1211 1300 veniunt,
1228 1205 1266 1281 δι
1289 1200 1384 1280 falia
1407 1203 1635 1297 reverentia,
1654 1201 1715 1280 io.

450 1363 582 1426 cantur
594 1339 639 1412 in
653 1335 741 1408 loen
759 1323 955 1419 consueto,
968 1325 1005 1397 δι
1020 1315 1265 1396 alssllentibur
1278 1313 1399 1392 tribus
1424 1313 1654 1416 Capeltann,
1670 1331 1714 1389 ut

450 1457 590 1539 librum
609 1454 944 1535 teneant,cantant
961 1429 1181 1536 pafflonem,
1192 1445 1238 1503 ut
1266 1423 1395 1529 supra,
1420 1426 1460 1500 jn
1482 1423 1546 1500 dig
1569 1423 1711 1528 paim·
1808 1433 1811 1440 .

452 1591 554 1658 turn,
569 1557 711 1635 uinum
728 1548 789 1625 est.
815 1577 821 1584 ,
849 1542 1056 1623 Celebrant
1068 1559 1211 1633 autern,
1232 1535 1383 1640 incepta
1405 1535 1586 1640 passione,
1609 1532 1716 1612 nulla

301 1685 305 1688 ’
450 1677 501 1760 ad
522 1680 659 1772 Papam
674 1662 772 1740 falla
785 1654 1016 1747 cerimonia,
1039 1647 1189 1729 dereno
1214 1647 1337 1750 capite
1356 1648 1502 1724 accedit
1522 1646 1568 1722 ad
1588 1667 1713 1721 cornu

450 1781 612 1893 epistolae
629 1773 776 1864 tlltaris,
791 1766 884 1843 stane
899 1761 1177 1863 aliquantulum
1194 1755 1315 1836 versus
1337 1755 1384 1833 ad
1406 1753 1610 1859 gallionem
1638 1753 1730 1832 fine-

452 1900 579 1988 mitra,
594 1891 631 1964 &
647 1880 848 1990 pastionem
865 1899 953 1954 curn
963 1866 1098 1951 Milltli
1115 1891 1202 1948 ente
1217 1891 1305 1946 eunt
1325 1863 1445 1970 pofito
1462 1867 1553 1966 legit
1568 1865 1713 1944 secrete

451 2015 602 2091 Etcum
623 2010 846 2101 perventum
870 1985 922 2063 est
946 2007 1011 2086 per
1029 1999 1201 2058 cantores
1223 1976 1270 2058 td
1292 1979 1445 2070 locum,
1468 1975 1533 2054 ubi
1558 1976 1714 2054 dicitur:

454 2124 514 2215 Et,
528 2112 690 2192 inclinato
705 2102 829 2204 eapite,
856 2095 1003 2175 tradidit
1013 2093 1191 2196 spiritum,
1217 2095 1333 2194 Papa,
1364 2089 1402 2166 δι
1429 2086 1644 2185 celebrant,
1668 2111 1713 2164 rc

453 2248 589 2310 omnes
606 2218 669 2296 alii
686 2216 728 2290 in
746 2208 816 2288 luis
831 2207 925 2284 loeis
944 2197 1319 2307 genufleetuut‚verfi
1331 2198 1376 2276 ad
1395 2197 1716 2299 Altare,aliquan·

452 2339 579 2419 tulum
600 2345 769 2406 oranter:
796 2343 886 2397 curn
901 2322 998 2419 Papa
1014 2313 1140 2416 surgit,
1159 2313 1196 2388 it
1212 2308 1246 2386 se
1261 2311 1386 2413 erigit,
1403 2310 1713 2409 surguntomrtee,

453 2441 764 2530 &eontinentur
793 2428 906 2535 pallio
935 2423 1052 2526 usque
1087 2423 1134 2501 ad
1172 2419 1316 2498 finem:
1361 2445 1434 2520 qut
1463 2418 1589 2517 finita,
1618 2425 1713 2524 Papa
1783 2401 1785 2406 ¹

453 2551 732 2641 accelebrant,
763 2564 807 2619 ac
842 2535 1062 2619 cardinales
1097 2529 1235 2611 sedent.
1294 2534 1397 2608 Tum
1434 2531 1626 2608 Diaconus
1656 2554 1715 2607 ca·

454 2669 578 2780 pellae,
605 2653 771 2762 deposita
799 2648 969 2754 planeta,
1001 2644 1101 2746 capit
1129 2642 1259 2740 illam,
1290 2641 1350 2718 vel
1381 2640 1493 2718 aliam
1523 2639 1714 2742 plicatam,

316 2799 321 2817 ·
424 2827 427 2832 -
452 2805 536 2886 quae
562 2771 629 2851 sub
652 2764 809 2854 brachio
831 2765 910 2860 ejus
935 2756 1067 2834 dextr-u
1090 2754 1238 2856 ligatur.
1296 2750 1503 2830 Celebrant
1526 2753 1566 2828 in
1596 2751 1712 2830 Anasi

453 2884 622 3000 perficiar
650 2873 854 2982 paffionetn
883 2871 924 2946 in
946 2887 1046 2942 toto.
1111 2868 1297 2940 Perventn
1330 2861 1468 2940 deinde
1496 2861 1544 2940 ad
1566 2861 1720 2957 locum,-

452 2999 519 3107 qui
537 2992 672 3094 legitur
687 2987 727 3062 in
743 3003 842 3061 tono
859 2975 1064 3081 Evangelii,
1078 2993 1264 3069 cantores,
1279 2969 1382 3052 fallis
1400 2973 1636 3070 reverentiis,
1649 2995 1706 3050 re·

454 3125 654 3193 vertuntur
677 3093 780 3174 unde
804 3107 1001 3169 uenerunt.
1057 3086 1249 3162 Diaconus
1274 3084 1425 3188 capellae
1447 3085 1559 3188 ponit
1573 3084 1713 3163 librunr

330 3211 368 3248 ’⁴'
454 3224 562 3326 super
579 3212 721 3303 Altare,
746 3207 784 3283 &
797 3225 896 3308 genu
911 3197 1026 3276 flexus
1044 3193 1157 3273 dicit:
1188 3196 1324 3273 Munda
1339 3221 1545 3274 cormeum:
1573 3193 1712 3274 deinde

456 3336 533 3413 srne
554 3317 844 3409 benedielione,
866 3313 903 3387 lt
923 3308 1000 3384 fine
1023 3304 1292 3402 luminaribus,
1322 3307 1359 3382 ἀ
1382 3304 1521 3406 absque
1544 3304 1715 3404 incenso,

457 3433 688 3551 precedente
702 3420 992 3512 cerimoniario,
1014 3418 1051 3493 δι
1075 3411 1315 3517 sequentibus
1338 3412 1456 3520 ipsum
1473 3415 1714 3496 Subdiaeono

456 3557 495 3634 δι
509 3541 658 3628 duobus
673 3530 887 3639 Capelianir
902 3527 1137 3620 celebrantia,
1147 3525 1291 3604 accedit
1307 3527 1352 3604 nd
1370 3527 1499 3604 locum
1511 3529 1716 3632 Evangelii,

455 3668 629 3746 &cantat
637 3671 679 3729 ut
693 3649 734 3724 in
751 3641 862 3738 libro,
875 3664 991 3744 quern
1007 3634 1265 3716 subdiaconus
1278 3657 1398 3735 tener,
1415 3636 1508 3721 stans
1522 3640 1562 3714 in
1581 3637 1713 3718 medio

457 3780 557 3857 inter
569 3766 669 3846 dunt
688 3753 915 3861 capellanos
924 3747 1127 3855 praeditiior.
1186 3745 1476 3828 consueverunt
1497 3771 1629 3828 tamen
1648 3775 1716 3828 au·

457 3884 556 3989 tiqui
578 3893 727 3983 portare
758 3864 958 3942 luminatia
979 3859 1026 3938 ad
1047 3877 1213 3964 partem,
1236 3861 1277 3936 in
1301 3885 1375 3962 qua
1399 3858 1539 3961 iegitur
1561 3861 1714 3940 intono

458 3986 671 4094 Evangelii:
699 3981 737 4056 tc
753 4003 796 4055 ea
812 3974 937 4070 linita,
958 3971 1021 4048 illa
1045 3969 1278 4075 extinguere:
1310 3973 1346 4047 δι
1364 3970 1414 4048 ite
1433 3967 1616 4052 servatum
1639 3972 1716 4076 legi

392 4161 396 4168 -
457 4121 638 4208 ternpore
678 4088 969 4169 GREGORll
1011 4084 1080 4160 IX.
1125 4084 1508 4162 *INNOCENTII
1538 4087 1632 4160 ,111.
1676 4085 1731 4162 δι’

460 4218 645 4301 aliorum,
671 4199 788 4281 hodie
803 4190 1072 4275 nonsertttur.
1130 4191 1246 4272 helio
1270 4193 1487 4295 Evangelio,
1515 4199 1609 4297 Papa
1632 4216 1715 4273 non

460 4325 648 4412 oseulatur
661 4314 817 4412 librum,
826 4301 1184 4415 nequeinrensatur:
1213 4302 1276 4386 led
1289 4303 1369 4406 ille,
1386 4305 1454 4411 qui
1468 4303 1519 4386 est
1532 4323 1719 4403 oraturur,

611 4479 621 4497 ι
973 4508 978 4514 ,
1092 4479 1127 4490 ·-
1350 4471 1355 4484 ·
1574 4415 1721 4498 accedit

418 4423 423 4430 -

497 4476 502 4485 ι
