4075 5242
488 622 559 722 614
707 621 1028 704 stetinum
1058 619 1532 726 CERIMQNIARUM

489 801 564 880 Deo
574 789 721 893 gratian.
777 784 990 864 Procedant
1005 782 1145 864 deinde
1165 786 1264 863 intra
1283 803 1430 890 portam
1448 785 1618 885 cancelli,
1643 789 1681 864 dc
1697 783 1750 864 ibi

489 897 653 986 reversus
677 895 892 978 accenditur
912 895 983 974 alia
1006 893 1184 994 candela,
1210 897 1247 974 δι
1273 897 1415 975 intrant
1427 896 1637 976 cancellum
1661 919 1752 974 cunt
1894 989 1898 994 ¹

489 1017 628 1112 Cruce,
654 1011 718 1088 ubi
742 1007 853 1087 altius
878 1007 1015 1086 dicitur
1037 1030 1102 1112 per
1126 1009 1362 1086 Diaconum:
1389 1011 1522 1085 Danum
1547 1005 1692 1106 Christi,
1712 1008 1759 1084 dc

490 1121 752 1232 respondetur,
770 1139 813 1198 ut
831 1115 953 1222 supra,
976 1119 1090 1198 tertio
1107 1115 1320 1221 procedunt
1336 1137 1423 1196 anre
1444 1123 1602 1220 Papam,
1623 1119 1660 1196 de
1684 1116 1761 1194 nl..

491 1260 594 1338 tare,
619 1233 684 1312 ubi
699 1228 917 1317 accenditur
935 1229 1045 1307 tertia
1065 1227 1240 1326 candela,
1264 1231 1301 1306 dc
1317 1227 1368 1306 ibi
1384 1228 1601 1332 genuflexus
1616 1229 1753 1306 Diaco-

493 1376 578 1444 nus,
594 1342 715 1427 versut
732 1341 778 1422 ad
792 1340 932 1438 Altare,
947 1341 1085 1417 iterum
1102 1339 1210 1420 altius
1231 1337 1344 1418 dicit:
1374 1344 1505 1418 Lurnen
1528 1338 1671 1436 diridi:
1695 1362 1754 1416 te·

493 1457 681 1570 spondent
698 1474 884 1550 cantores,
900 1472 943 1528 ut
958 1447 1073 1554 supra.
1131 1448 1280 1528 Deinde
1294 1449 1334 1526 in
1348 1449 1487 1528 eodem
1502 1449 1752 1529 loconiaco·

492 1598 564 1654 nus
589 1567 653 1648 dat
676 1563 901 1663 arundinem
927 1562 1000 1637 uui
1018 1585 1062 1639 ex
1084 1557 1156 1637 illis
1181 1582 1345 1663 quatuor
1363 1560 1576 1663 Capelltnit
1591 1583 1681 1640 eum
1700 1560 1753 1640 le·

494 1678 711 1788 quentibus,
725 1677 791 1778 qui
808 1671 949 1750 ibidem
965 1695 1054 1749 curn
1070 1667 1310 1749 Subdiacono
1332 1675 1496 1748 Crucem
1516 1691 1689 1767 tenmte,
1712 1692 1754 1751 ac

496 1787 755 1882 thuriferario,
770 1780 1333 1887 dtaiiitCapellauisexpediant.
1392 1784 1583 1861 Diaconus
1598 1805 1691 1862 seru
1698 1807 1756 1861 ac·

497 1903 590 2010 cipit
612 1896 754 1975 librum
778 1891 1091 1995 Evangeliotum,
1114 1893 1151 1968 dc
1178 1911 1267 1970 ante
1290 1889 1467 1969 infimum
1484 1893 1643 1997 gradum
1662 1891 1754 1974 sodis

495 2018 600 2117 Papae
621 2003 854 2112 genuflexus,
878 2003 973 2105 petit
994 1999 1304 2082 benedictionem
1320 2027 1340 2080 a
1359 2007 1468 2106 Papa,
1486 2005 1754 2084 cerimoniatio

496 2143 649 2206 tantum
668 2115 790 2221 ipsum
803 2115 1034 2208 comitante,
1064 2137 1140 2216 qua
1156 2111 1305 2214 habita,
1324 2113 1465 2193 accedit
1480 2113 1528 2194 ad
1551 2116 1754 2221 pulpitum,

427 2243 431 2248 “
495 2236 609 2346 ponit
631 2228 768 2306 librum
795 2220 902 2330 super
929 2224 1044 2318 illud,
1069 2247 1186 2327 quem
1210 2223 1349 2302 deinde
1369 2221 1568 2324 incensat,
1583 2247 1626 2304 ut
1650 2225 1696 2306 lit
1715 2229 1754 2306 io

352 2435 357 2445 ¹
498 2339 717 2446 Evangelio.
776 2333 952 2413 Adextris
968 2335 1131 2412 Diaconi
1147 2333 1241 2412 stent
1257 2331 1758 2437 subdiaconuscumCruce,

498 2458 536 2536 dc
557 2446 835 2532 thuriferarium
860 2471 882 2524 a
913 2442 1059 2522 sinistris
1082 2467 1174 2522 vero
1197 2443 1262 2522 ille
1286 2446 1511 2549 Capelianus
1531 2473 1620 2526 cunt
1643 2474 1754 2528 arun·

497 2568 611 2660 dine,
630 2563 667 2640 δι
690 2557 783 2638 alius
797 2554 1043 2660 Capelianus,
1062 2575 1195 2634 tenens
1222 2557 1261 2633 iu
1279 2555 1362 2635 vase
1378 2559 1551 2662 quinque
1567 2581 1682 2662 grana
1699 2562 1756 2640 iu·

496 2671 595 2759 censs
610 2665 814 2765 benedidi,
830 2664 979 2773 figenda
996 2667 1036 2742 in
1051 2689 1214 2744 cereum.
1273 2671 1388 2746 Tunc
1418 2669 1626 2770 Diaconus,
1654 2669 1757 2754 versa

497 2787 593 2868 facie
601 2780 646 2862 ad
658 2785 959 2884 Papam,tantat:
987 2774 1295 2876 Exultrtjamffc.
1350 2781 1618 2888 Quincepto,
1635 2782 1754 2887 depo·

498 2898 603 2975 nitur
618 2891 728 2968 mitra
744 2893 859 2990 Papae,
879 2888 914 2964 dc
931 2885 1084 2988 surgunt
1099 2909 1256 2983 omues,
1278 2907 1320 2964 ut
1337 2891 1381 2967 ad
1396 2893 1637 2998 Evangeiium
1654 2893 1752 2974 nan-

473 3100 478 3104 ,
497 3027 567 3104 tet,
585 3022 721 3106 usquet
747 3003 789 3076 In
800 2994 898 3096 hujus
912 2997 1023 3098 igitur
1038 2995 1106 3090 &u
1163 3001 1277 3076 Tunc
1292 2995 1441 3079 dimisso
1455 3025 1568 3084 cautu
1584 3028 1646 3110 per
1661 3007 1753 3088 Dite

499 3111 662 3212 c'onum,
686 3108 1143 3210 cerimoniariuspotrigit
1157 3109 1191 3198 ei
1208 3131 1323 3188 unam
1341 3107 1534 3196 candelam
1550 3116 1753 3217 accendam,
1812 3143 1815 3156 ·

500 3254 588 3309 cum
607 3251 683 3331 qua
701 3219 893 3300 Diaconos
915 3217 1094 3298 accendet
1117 3217 1181 3297 illa
1204 3222 1373 3324 quinque
1394 3249 1509 3328 grana
1538 3228 1698 3326 incensu,
1718 3234 1756 3312 ds

380 3417 383 3421 ,
489 3323 624 3438 'infigit
647 3355 762 3411 unam
783 3329 866 3436 post
885 3330 996 3406 aliam
1015 3329 1055 3404 in
1071 3352 1239 3427 cereum,
1255 3333 1294 3408 in
1312 3338 1472 3414 modum
1488 3341 1633 3435 Crucis,
1649 3342 1754 3422 itaut

468 3530 473 3538 ,
500 3451 604 3528 Crux
629 3437 730 3520 versa
760 3438 805 3517 fit
833 3439 879 3517 ad
909 3437 1146 3536 Pontificem,
1176 3438 1315 3523 deiude
1340 3447 1574 3552 prosequitur
1602 3471 1756 3534 cautum

499 3555 609 3638 suum
628 3547 806 3656 usquead
827 3549 903 3660 Qi
922 3549 1160 3652 iicetdivistu:
1187 3572 1279 3632 tunc
1296 3557 1447 3638 interim
1465 3581 1579 3638 cantu
1594 3557 1757 3660 timido,

498 3671 693 3752 Diaconos
707 3661 841 3768 accipit
858 3657 1096 3760 arundinem,
1110 3663 1147 3740 dc
1162 3664 1504 3765 attenditccreum,
1518 3669 1658 3754 deiude
1673 3699 1758 3757 cau·

498 3804 584 3863 tum
600 3776 706 3858 suum
723 3773 960 3882 prosequitur
974 3769 1092 3876 usque
1114 3772 1159 3852 ad
1177 3775 1308 3857 finem.
1366 3785 1459 3890 Qu
1473 3777 1614 3882 finito,
1637 3810 1757 3866 teter·

500 3895 593 3973 titur
608 3889 653 3967 ad
671 3888 813 3984 Altare,
830 3882 989 3986 quilibet
1006 3882 1051 3962 ad
1069 3883 1198 3964 locum
1218 3887 1339 3988 suum,
1358 3891 1423 3969 ubi
1443 3893 1639 3975 Diaconos
1653 3901 1756 3978 etui-

502 4020 565 4080 tur
587 3998 808 4092 dalmatica,
838 3995 875 4071 &
899 3994 996 4098 capit
1019 3992 1209 4099 planetam
1238 4000 1444 4082 violaceam
1470 4003 1645 4108 plicatam
1669 4025 1755 4092 ante

503 4109 642 4219 pediut.
696 4106 851 4186 Interim
867 4103 993 4182 clerici
1006 4105 1157 4210 capellae
1175 4129 1321 4214 ponant
1339 4113 1527 4220 pulpitum
1550 4117 1699 4200 nudum
1717 4124 1757 4202 in

502 4219 633 4303 medio
648 4217 797 4326 capella
811 4212 956 4296 tersum
972 4215 1018 4294 ad
1035 4216 1205 4298 medium
1223 4220 1380 4320 ditarit,
1401 4245 1518 4332 prout
1540 4228 1580 4306 iu
1603 4237 1757 4322 matuti-

504 4334 564 4465 nis
577 4327 860 4439 nodlitNatalis
874 4327 1036 4410 Domini
1058 4332 1154 4441 poni
1176 4331 1288 4433 solet,
1309 4333 1353 4447 δι’
1370 4331 1486 4448 super
1500 4337 1595 4444 illud
1616 4341 1757 4538 lpbppm

1647 4481 1685 4565 pt
1718 4482 1761 4540 o·
