4075 5242
465 615 537 705 ,nn
679 596 1009 718 sectarunt
1038 593 1514 676 cerruouttrtuu
1573 551 1605 598 ”

473 725 757 744 κα-’··“-ν

761 710 1734 746 ...ww-..em
1798 741 1800 748 ¹

469 763 627 845 Accedit
642 759 689 840 ad
703 757 967 850 faldistorium,
982 755 1131 832 exuitur
1145 754 1335 852 omnibus
1347 753 1737 856 paramentis-milleti-

473 875 557 974 bus,
578 880 615 954 δι
629 871 770 952 deiude
785 871 858 948 alia
872 867 999 975 ordini
1025 863 1092 944 suo
1106 869 1382 946 convenientia
1395 873 1543 974 accipit,
1562 870 1657 950 ficut
1672 873 1737 952 alii

471 985 714 1084 Cardinales,
736 983 776 1062 dc
796 978 899 1077 vadit
923 978 970 1057 ad
994 975 1258 1072 locum-suum
1285 981 1740 1081 interaliosCardinalet‚

476 1099 544 1202 qui
560 1121 697 1178 omnes
710 1112 941 1202 paramenta,
954 1089 1153 1168 ordinibus
1169 1089 1237 1168 suis
1250 1093 1741 1199 convenientiuaccipiunc.

474 1216 545 1291 Sex
571 1207 769 1314 Capeliani
793 1203 1015 1286 celebrantis
1036 1225 1126 1280 cum
1148 1199 1413 1307 superpelliciis
1438 1205 1629 1286 intorticia
1651 1231 1741 1286 ante
1895 1195 1902 1203 ⁸

474 1329 760 1402 Sacramentum
783 1325 937 1424 portant
955 1313 1136 1397 omnibus
1162 1318 1315 1417 paratis,
1340 1312 1419 1391 duo
1441 1317 1626 1396 Aeoluclii
1646 1313 1742 1400 olle·

473 1456 568 1514 runt
583 1432 664 1514 duo
687 1429 881 1511 thuribula
903 1434 1028 1533 Papa,
1050 1429 1087 1504 δι
1109 1425 1343 1508 ministrante
1366 1429 1586 1534 Presbytero
1610 1433 1742 1512 Cardi-

475 1545 574 1645 nali,
597 1551 694 1651 Papa
716 1537 1124 1648 imponitjncensum,
1148 1539 1186 1616 dt
1210 1537 1471 1618 accenduntur
1494 1565 1631 1623 omnes
1654 1567 1740 1624 cau·

476 1656 570 1740 dele
584 1664 701 1763 Papa,
712 1651 989 1748 cardinalium,
1003 1653 1040 1728 ἃ
1056 1649 1310 1747 Pralacorum,
1323 1649 1578 1733 acduodecim
1590 1656 1741 1742 intorti·

476 1772 549 1868 cia,
573 1769 632 1846 vel
647 1768 775 1872 plura,
799 1762 945 1866 stl’ape
964 1761 1100 1868 placet,
1117 1785 1200 1863 quae
1218 1785 1419 1866 portantur
1432 1787 1496 1870 per
1511 1766 1741 1872 Capelianus

477 1879 719 1976 celebrantis,
735 1876 896 1977 duuper
923 1873 1320 1978 quemlibetrcleiode
1350 1881 1445 1981 Papa
1475 1875 1668 1963 descendit
1696 1878 1742 1958 ad

433 2009 436 2016 ·
476 1991 621 2091 Altare,
645 1990 710 2068 ubi
726 1986 944 2089 genuflexus
961 2009 1099 2090 corpus
1113 1987 1273 2064 Domini
1293 1988 1332 2066 in
1348 1987 1465 2068 calice
1492 2015 1560 2093 pro
1587 1990 1742 2074 crastiua

276 2097 279 2106 ’
378 2124 382 2130 ·
479 2104 542 2190 die
566 2100 771 2208 repositum
786 2121 999 2180 reverenter
1028 2095 1208 2198 incensat,
1240 2121 1297 2178 ter
1322 2099 1559 2182 thuribulum
1591 2103 1743 2187 ducena.

479 2216 632 2298 Deinde
654 2214 812 2294 calicem
842 2209 961 2316 ipsum
982 2233 1073 2290 cum
1098 2213 1366 2311 Sacramenta,
1395 2207 1490 2292 iana
1521 2218 1744 2312 reverentia,
1781 2269 1789 2278 -

476 2325 619 2414 clerote
647 2328 802 2432 accipit,
827 2323 1015 2426 illumque
1044 2319 1194 2402 detedlo
1219 2325 1342 2428 capite
1365 2345 1490 2428 portat
1518 2325 1585 2428 sub
1618 2327 1742 2414 balda.

481 2440 613 2536 cirino,
628 2439 737 2544 quod
761 2458 864 2516 extra
885 2434 1073 2524 cancellos
1096 2433 1246 2537 capellae
1263 2436 1527 2536 expellentes,
1547 2439 1744 2526 affidentes

478 2557 582 2658 Papa
596 2551 788 2655 digniores
801 2546 970 2655 Episcopi
990 2565 1077 2626 cum
1095 2543 1164 2622 suit
1181 2545 1407 2650 pluvialibus
1420 2571 1586 2655 portant,
1609 2555 1744 2638 mitras

481 2661 565 2746 luat
584 2665 627 2742 in
649 2658 1018 2744 manibur‘fereotes.
1079 2661 1165 2734 Hoc
1186 2681 1315 2738 autem
1343 2659 1478 2755 ordine
1501 2666 1744 2767 proceditur:

469 2777 610 2883 primo
623 2769 786 2857 scutileti
801 2779 916 2876 Papae,
932 2775 1196 2848 Procuratores
1216 2770 1420 2862 ordinum,
1441 2773 1625 2859 Advocati
1646 2779 1741 2854 mirt-

485 2887 558 2967 tim
573 2909 664 2965 cum
680 2885 902 2977 Sententiis,
916 2881 1358 2978 cubiculariifflobiles&
1375 2905 1564 2984 oratores,
1574 2911 1739 2966 cantores

340 3055 348 3076 t
473 3001 598 3105 Papa,
614 2996 803 3101 hymnum
818 2999 938 3095 Pange
952 2995 1073 3096 lingua
1087 3013 1294 3094 cantantes,
1317 2995 1458 3076 Clerici
1474 3022 1645 3094 camera,
1664 3007 1740 3080 Au·

482 3108 640 3209 ditorer,
662 3107 744 3188 duo
772 3105 954 3192 Acolotlti
976 3104 1346 3207 cumcundelabrie,
1377 3107 1628 3211 subdiaconi,
1648 3139 1745 3217 quo-

465 3261 467 3265 .
484 3246 571 3304 nrm
588 3245 688 3302 unus
701 3216 896 3315 tunicella,
911 3219 948 3296 dt
964 3215 1072 3314 alius,
1087 3237 1131 3294 ut
1148 3215 1265 3323 supra,
1290 3243 1454 3324 paratus,
1468 3225 1636 3306 Crucem
1654 3251 1746 3333 por·

471 3353 559 3417 sat:
586 3331 670 3438 post
688 3337 854 3411 Crucem
869 3326 1048 3422 Abbates,
1070 3327 1260 3434 Episcopi,
1279 3331 1580 3441 Archiepiscopi,
1603 3341 1744 3427 Orato-

471 3467 558 3555 res,
572 3443 725 3541 Pralari,
743 3443 1107 3536 vice-Camerarius,
1125 3437 1149 3518 st
1166 3439 1217 3520 eli
1234 3441 1447 3551 Episcopus,
1462 3447 1523 3526 alii
1547 3449 1746 3532 allidentes

472 3561 603 3664 Pape,
618 3554 794 3649 viatori,
808 3551 1036 3656 Presbyteri,
1061 3550 1248 3657 Episcopi,
1270 3556 1492 3638 cardinales
1512 3576 1650 3642 omnes
1672 3564 1747 3644 sine

470 3671 652 3756 mitris(
672 3663 824 3748 Deinde
838 3667 971 3744 omnia
984 3664 1191 3760 incurritia,
1212 3691 1294 3775 que
1317 3666 1541 3771 lequuntur,
1565 3671 1649 3754 duo
1662 3700 1747 3756 aco·

481 3782 583 3864 lutlti
596 3801 686 3862 cum
701 3777 990 3870 candelabre&
1004 3775 1084 3854 duo
1092 3775 1273 3858 Acoluthi
1289 3803 1377 3858 cum
1393 3780 1609 3884 thuribulis,
1619 3793 1746 3870 Sacra·

479 3916 661 3988 meorum
674 3893 864 3973 continuo
884 3885 1130 3974 intentantes
1155 3965 1158 3972 Δ
1183 3890 1453 3999 Deinde-Papa
1478 3895 1750 3984 mcdiutioter

470 4005 790 4089 ,duonDiaconot
803 3997 1237 4086 Cardinaleaaiiillentes
1252 4000 1317 4082 iub
1331 4000 1746 4111 hardechunutum.

482 4115 665 4220 nunqu
683 4111 879 4198 hincinde
896 4113 1099 4218 phrygium
1118 4114 1421 4220 pluuialisPapae
1442 4119 1634 4204 elevatum
1655 4127 1747 4208 reci·

481 4247 590 4311 oenc
647 4225 820 4308 Caudam
832 4245 959 4332 portet
974 4222 1129 4328 dignior
1147 4225 1264 4306 laicus
1277 4225 1399 4307 urbis:
1428 4233 1782 4342 Papam·scquan·.

481 4357 561 4445 tur,
579 4338 732 4424 auditor
744 4337 795 4424 cle
808 4338 924 4425 mitra
939 4334 1120 4442 seminus,
1142 4337 1294 4428 medius.
1314 4339 1417 4428 inter
1433 4343 1533 4462 duos
1555 4347 1746 4436 cubicula·

602 4478 606 4488 “
722 4481 727 4486 ·
985 4485 995 4499 ‘
1031 4487 1042 4506 '-
1668 4464 1747 4546 rios
1799 4475 1802 4480 ’
