4075 5242
427 609 430 612 ,
460 535 529 645 502
675 479 1004 622 sacrarunt
1033 539 1508 626 crnruourtrunr

466 713 676 799 moniariua
690 732 781 791 eum
796 709 1006 812 thuribulo,
1029 709 1267 813 &navicula,
1282 711 1387 794 vadit
1410 713 1457 794 ad
1471 715 1727 804 celebrantem
1751 753 1754 758 ¹

367 847 371 855 ’
466 833 511 910 in
526 823 734 907 faldistorio
748 819 965 924 sedentem,
988 821 1055 902 ubi
1081 821 1317 906 ministrante
1338 827 1516 910 Diacono
1538 829 1731 914 celebrans

463 940 636 1048 imponit
662 931 879 1032 intensum,
913 959 956 1014 ac
984 932 1148 1040 fignatur
1179 937 1369 1044 utsupra.
1429 943 1731 1024 Cetimoniariur

462 1075 557 1138 tunc
570 1049 636 1130 dat
652 1053 719 1127 uni
733 1073 778 1127 ex
794 1045 967 1126 ministris
982 1045 1248 1150 thuribulum,
1271 1049 1380 1155 quod
1399 1049 1548 1148 dextra,
1571 1057 1729 1136 &navi-

461 1166 603 1261 culam,
619 1186 734 1268 quarn
755 1157 893 1243 finistra
905 1174 1025 1242 manu
1042 1157 1221 1264 preferat,
1237 1165 1274 1242 δι
1289 1163 1369 1243 dno
1391 1164 1614 1246 candelabra
1635 1193 1724 1250 curn

461 1273 715 1362 luminaribus
732 1269 996 1354 aliisduobus:
1024 1275 1218 1354 Diaconos
1232 1301 1324 1356 uero
1347 1277 1501 1358 interim
1524 1277 1571 1358 ad
1596 1281 1726 1363 Altate

461 1389 656 1485 accedens,
671 1382 889 1493 genuflexus
903 1383 1012 1464 dicit:
1041 1387 1179 1466 lunda
1193 1413 1249 1466 cor
1263 1415 1389 1470 meum.
1445 1395 1551 1470 Tum
1576 1395 1726 1499 capient

460 1530 506 1588 ex
522 1501 641 1580 Alteri
654 1500 796 1577 librum
811 1495 1114 1601 Evangeliorum,
1135 1501 1173 1576 δι
1195 1518 1283 1578 ante
1300 1501 1428 1607 peditus
1449 1503 1559 1582 illum
1576 1524 1724 1610 tenena,

460 1615 511 1698 ad
526 1611 780 1694 celebrantem
798 1609 839 1684 in
860 1605 1067 1686 faldistorio
1094 1606 1284 1690 sedentem
1308 1617 1527 1713 revertitur,
1551 1619 1724 1720 &genu-

461 1726 576 1807 flexus
585 1747 715 1807 corant
724 1746 774 1800 eo
783 1717 894 1800 dicite
905 1715 1026 1810 'Jahn
1036 1723 1196 1817 Domine,
1212 1725 1419 1814 benedicere,
1434 1726 1488 1822 εἴ,
1500 1731 1722 1810 bemdillione

460 1858 616 1940 recepto,
640 1832 798 1939 procedit
831 1832 882 1910 ad
915 1831 1090 1910 leiiionrm
1129 1836 1311 1936 Evangelii
1356 1839 1476 1918 ordine
1508 1839 1721 1945 strproditio.

457 1951 584 2030 Finito
599 1943 817 2048 Evangelio,
834 1941 938 2022 factis
953 1945 1172 2024 reverentiis
1186 1967 1427 2052 revertuntur
1448 1975 1583 2032 ornnes
1599 1954 1644 2034 ad
1661 1981 1721 2034 ce·

457 2061 694 2153 lebrantem,
721 2058 761 2135 dc
781 2054 1042 2134 Subdiaconus
1073 2077 1197 2162 portat
1225 2058 1274 2140 ad
1303 2060 1548 2144 osculandum
1579 2067 1720 2156 librum

456 2170 752 2278 Euangeliorum
767 2186 939 2273 apertum
959 2165 1188 2265 celebranti,
1212 2173 1277 2274 qui
1303 2199 1392 2253 mox
1417 2201 1483 2282 per
1503 2179 1721 2262 Diaconum

314 2327 321 2339 ,
456 2282 690 2379 incensatur,
716 2305 797 2384 quo
814 2275 937 2379 sallo,
957 2298 1130 2360 oraturus
1146 2281 1346 2364 adducitur
1382 2290 1428 2367 ad
1453 2289 1720 2396 celebrantem,

454 2401 503 2477 Et
518 2395 545 2476 li
559 2391 758 2501 Episcopus
772 2390 831 2471 vel
842 2390 965 2471 Abbas
980 2389 1035 2490 srt,
1052 2395 1174 2499 capite
1192 2416 1340 2476 tanturn
1359 2401 1572 2490 inclinatus,
1590 2403 1613 2484 st
1628 2432 1718 2486 vero

453 2506 627 2605 inferior,
642 2501 994 2610 genuflexuscoram
1012 2503 1226 2587 celebrante
1241 2508 1349 2590 dicit:
1379 2510 1719 2608 §trahammolan-

454 2620 624 2701 nedirare.
683 2620 728 2692 Et
736 2613 1004 2694 benediolione
1018 2639 1185 2722 accepta,
1195 2622 1289 2725 petit
1305 2623 1557 2732 indulgentias
1574 2632 1719 2735 populo

362 2749 373 2759 ‘
453 2724 712 2839 publicandae,
727 2725 763 2803 dr
779 2723 968 2804 celebrant
984 2731 1195 2808 committit
1220 2733 1255 2810 ei
1270 2733 1568 2840 publicationem
1593 2743 1717 2826 indul·

452 2841 816 2946 gentiatumal’apa
833 2829 1103 2942 concessarum,
1117 2841 1224 2922 radit
1248 2845 1385 2928 deinde
1410 2871 1583 2932 oraturus
1598 2857 1714 2936 adlo·
1883 2869 1886 2874 ’

451 2975 543 3032 curn
559 2947 799 3047 consuetum,
816 2949 853 3025 δι
866 2944 977 3025 saciet
1000 2948 1234 3054 sermonem,
1260 2979 1302 3036 ut
1324 2957 1440 3066 supra.
1500 2965 1625 3046 Finito
1646 2965 1713 3048 set·

451 3087 597 3161 mone,
631 3057 753 3138 statim
788 3061 1016 3164 pronunciat
1049 3063 1303 3172 indulgentias
1334 3073 1495 3154 nomine
1522 3077 1717 3164 consueto.

450 3181 569 3258 Tunc
584 3169 788 3268 celebrant,
812 3167 976 3277 deposita
998 3177 1128 3272 mitta,
1153 3176 1254 3259 tersa
1271 3178 1366 3264 satie
1380 3187 1427 3264 ad
1443 3187 1586 3291 Altare,
1596 3191 1714 3274 dicit:

451 3288 574 3384 Credo,
591 3281 729 3383 dualia,
748 3303 792 3362 ut
807 3281 912 3398 supra
925 3284 1070 3366 dilium
1088 3287 1150 3368 est.
1209 3291 1579 3398 Finirofoffertorm,
1600 3301 1705 3388 sedec

450 3397 657 3490 celebrans,
671 3396 918 3500 deponuntur
930 3398 967 3476 ei
981 3399 1113 3478 annuli
1135 3403 1426 3510 &chirothecn,
1447 3413 1549 3494 lavat
1566 3441 1714 3521 manua,

450 3509 569 3616 surgit
597 3505 757 3604 deinde,
780 3509 819 3587 dc
840 3533 928 3587 cum
951 3511 1064 3590 mitra
1087 3509 1252 3596 ascendit
1273 3520 1407 3622 gradus
1423 3525 1579 3624 Altaria,
1597 3533 1714 3630 unde,

449 3621 548 3704 seila
570 3617 778 3700 reverentia
801 3617 1079 3724 Cardinalibua,
1102 3630 1273 3730 procedit
1294 3631 1342 3712 ad
1365 3635 1537 3718 medium
1562 3641 1713 3744 Asteris,

319 3737 322 3742 ’
450 3732 519 3814 ubi
548 3733 752 3837 deponitur
780 3733 816 3811 ei
849 3733 973 3834 mitra,
999 3737 1038 3814 δι
1067 3735 1139 3816 alia
1156 3737 1258 3842 facit,
1290 3763 1333 3822 ut
1363 3747 1478 3854 supra.
1536 3755 1712 3836 Cerinto·

305 3862 310 3872 '
447 3849 589 3926 triarius
617 3841 856 3923 thuribulum
886 3847 925 3923 dr
952 3847 1176 3930 navicellam
1214 3851 1281 3934 suo
1311 3878 1487 3964 ternpore
1516 3857 1644 3966 affert,
1674 3871 1712 3950 de

287 3973 317 4059 j
369 4051 373 4058 ¹
447 3957 687 4039 ministrante
702 3955 891 4054 Diacono,
921 3956 1127 4039 celebranti
1157 3965 1336 4072 imponit,
1362 3971 1559 4055 incensum
1590 3978 1708 4064 bene.

447 4065 600 4162 dicens,
623 4069 661 4144 de
684 4066 898 4166 incensans,
921 4089 964 4147 ut
979 4067 1107 4176 supra3
1137 4073 1278 4160 deinde
1294 4082 1505 4164 incensatur
1518 4085 1593 4194 ipse
1607 4092 1708 4172 cele·

278 4219 284 4230 ·
444 4176 625 4277 brana&
639 4173 1068 4264 suceeffitectrdinalet
1085 4187 1121 4263 dt
1139 4187 1202 4266 alii
1217 4189 1445 4291 ordinesuo,
1460 4201 1708 4284 continuatur
1736 4277 1737 4281 a

440 4283 573 4432 ‘mi-lla,
596 4307 638 4372 ιιι
663 4287 780 4400 supra.
838 4291 955 4376 Didio
980 4301 1190 4408 rgnarDrr',
1208 4301 1367 4386 assistent
1384 4307 1595 4417 ,celebranti
1615 4289 1737 4508 aprus

1510 4447 1519 4458 ·
1656 4454 1707 4510 uo
