4075 5242
493 584 499 591 '
623 606 1263 737 rrn.r.srcnrx.c.nr.r.
1344 704 1348 711 ,
1513 628 1593 714 4¹5·

305 799 421 887 pum,
449 774 486 853 dr
502 798 628 853 rerum
649 775 897 879 publicarum,
920 800 1009 861 curn
1026 782 1074 864 ad
1093 782 1353 865 venerandum
1369 787 1576 876 summum

253 912 257 922 “
303 888 530 973 Pontificem
547 886 721 987 veniunt,
744 886 983 993 publicantur
997 898 1090 977 notri
1111 884 1348 979 cardinales:
1378 892 1587 997 excipiun·'
1669 920 1675 928 ·

304 1028 367 1083 tur
390 1004 517 1105 Legati
539 990 768 1105 Apostolici,
794 1003 950 1109 quando
967 1016 1207 1089 reuertuntur
1222 1035 1266 1090 ex
1280 1007 1352 1088 suis
1369 1004 1572 1111 legationi·

302 1116 390 1199 bu's:
418 1114 654 1218 excipiuntur
674 1112 894 1197 cardinales
922 1122 1014 1199 novi
1046 1122 1243 1201 venientes
1270 1116 1317 1201 ad
1347 1110 1584 1199 Romanam'
1619 1110 1625 1119 ’

304 1224 462 1323 εὐῐῐιω,
484 1226 723 1331 &agitantur
745 1226 869 1329 causae,
890 1256 972 1335 quae
996 1232 1192 1339 publicum
1217 1229 1493 1315 Confistorium
1509 1250 1570 1307 re·
1638 1280 1642 1283 -

305 1344 473 1449 quirunt.
528 1344 571 1437 ln
588 1337 710 1447 capite
728 1338 818 1417 aulae
834 1343 991 1445 erigitur
1003 1342 1382 1441 soliumPonnficale,
1395 1341 1443 1422 ad
1458 1336 1569 1445 quod

303 1454 425 1536 tribus
454 1450 587 1557 amplis
617 1448 792 1551 gradibus
819 1451 1050 1559 ascenditur,
1079 1455 1203 1538 forma
1233 1456 1315 1536 solii
1343 1456 1415 1532 erit
1444 1451 1581 1531 fermo
1737 1538 1741 1543 ,

303 1564 496 1675 quadrata,
514 1562 721 1641 latitudinis
737 1565 777 1641 in
803 1556 954 1643 summo
977 1566 1091 1672 plano
1110 1568 1326 1673 palmorum
1342 1564 1567 1664 duodecim,
1651 1562 1654 1567 ’

303 1680 365 1763 vel
389 1678 499 1771 cirea,
522 1676 561 1753 in
577 1672 706 1754 medio
725 1671 825 1790 sedes
849 1677 922 1756 erit
945 1682 1076 1785 parieti
1098 1682 1242 1762 lraerens
1260 1704 1350 1761 curn
1366 1700 1511 1782 magno
1526 1674 1568 1753 de

290 1816 420 1901 ,parvo
435 1785 609 1885 scabello,
626 1786 782 1893 planum
798 1807 928 1871 toturn
951 1814 1041 1871 curn
1066 1814 1209 1898 magno
1231 1791 1392 1873 scabello
1406 1810 1570 1893 cooper-
1632 1820 1635 1825 ·

300 1927 387 1983 runt
401 1902 472 1982 erit
481 1924 609 2007 panno
624 1901 821 1981 ro'ccineo:
848 1900 949 1982 sedes
965 1929 1057 1984 vero
1072 1928 1189 1987 aureo
1204 1907 1275 1987 erit
1290 1921 1423 1983 ornata
1434 1921 1565 2005 panno

304 2020 342 2097 δι
358 2014 518 2121 pariete:
544 2014 582 2093 dr
598 2008 705 2117 supra
721 2033 833 2123 caput
849 2012 1030 2119 pendebit
1047 2007 1182 2099 aoreus
1204 2028 1372 2123 pannus,
1393 2042 1416 2093 a
1436 2010 1566 2096 dextra

248 2180 258 2191 -
303 2123 547 2208 infrasolium
565 2126 769 2231 perviginti
785 2125 945 2231 palmos,
961 2128 1021 2209 vel
1036 2130 1132 2213 circa
1148 2128 1274 2209 sedilia
1293 2127 1575 2235 Episcoporunr.

129 2230 138 2245 ’
304 2238 569 2321 Cardinaliurn
593 2238 635 2315 δι’
656 2234 963 2343 Presbyterorunr
992 2262 1104 2320 erunt
1125 2264 1274 2321 remota
1296 2268 1317 2319 a
1341 2240 1483 2345 pariete
1498 2256 1567 2336 per

302 2354 401 2435 duos
417 2350 586 2457 palmor3
612 2346 806 2430 habebunt
821 2352 1105 2431 reclinatorium
1127 2352 1199 2432 stre
1217 2350 1423 2459 postergale
1443 2347 1567 2425 altum

302 2462 482 2569 usquead
502 2458 671 2569 spatulas,
692 2462 729 2541 dr
746 2458 904 2565 gradum
921 2463 1131 2543 altitudinis
1154 2462 1215 2543 sex
1230 2486 1295 2543 aut
1309 2456 1572 2563 odlofdigito·

302 2602 403 2676 rum,
420 2570 526 2680 super
539 2598 654 2677 quern
672 2572 782 2679 pedes
797 2594 968 2654 teneant:
997 2576 1164 2683 primum
1181 2573 1294 2655 sedile
1310 2575 1380 2654 erit
1395 2568 1571 2674 longitiae

246 2760 253 2767 .
304 2688 406 2768 dinis‘
429 2690 545 2767 trium
572 2708 777 2764 cannarum
805 2686 864 2762 vel
888 2687 1004 2785 eirca,
1028 2686 1233 2769 secundum
1256 2683 1471 2768 mensuram
1486 2686 1569 2759 Ro·

304 2824 426 2883 manae
439 2800 566 2877 turiae:
597 2798 685 2875 huic
696 2796 945 2899 conjun’diurn
961 2802 1032 2881 etit
1047 2797 1253 2881 secundum
1272 2798 1385 2880 sedile
1399 2796 1566 2892 duarum

300 2906 1069 3015 cannarumlongitudinisintransverlurn
1080 2913 1186 3011 aula,
1200 2915 1253 2992 ita
1266 2932 1309 2991 ut
1323 2910 1376 2987 ibi
1391 2906 1566 2986 sedenter
1715 3006 1723 3013 ,

302 3028 345 3107 ln
362 3022 496 3104 faciem
511 3020 701 3103 Pontificit
717 3000 940 3127 respiciant:¹
963 3020 1137 3119 a·srnillra
1156 3022 1348 3105 Pontificio
1362 3020 1433 3100 erit
1447 3014 1565 3096 sedile

302 3140 564 3243 Diaconorunr
581 3132 842 3235 cardinalium
867 3159 890 3213 e
911 3136 1066 3239 regione
1089 3136 1357 3242 Episcoporutn
1381 3129 1565 3210 Cardina·

283 3252 420 3346 liunt,
443 3250 480 3329 dt
501 3248 600 3327 inter
623 3243 728 3351 quod
746 3242 877 3346 sedile,
900 3246 1007 3351 quod
1024 3251 1063 3327 in
1079 3246 1327 3328 trantrerl'om
1346 3238 1567 3350 porrigitur,
1591 3274 1597 3279 ·

139 3398 144 3405 ·
303 3360 563 3466 eritspacium
580 3358 712 3438 decern
730 3356 967 3463 palmorum,
989 3382 1055 3440 aut
1077 3359 1304 3458 duodecim,
1331 3377 1375 3447 ut
1402 3351 1446 3433 lit
1468 3374 1567 3458 quo-
1674 3368 1681 3403 ἰ
1787 3406 1795 3417 .

303 3470 516 3558 dammodo
525 3470 661 3551 ollium
677 3468 724 3551 ad
732 3464 938 3577 ¹ingrell'urn
954 3464 1193 3553 Confistorii:
1221 3466 1427 3577 longitudo
1442 3462 1567 3544 sedilis

304 3591 568 3673 Diatonorunr
585 3584 656 3663 erit
670 3584 830 3663 duarum
847 3606 1053 3664 cannarum
1071 3610 1158 3664 tum
1175 3584 1347 3681 dimidia,
1368 3579 1428 3658 vel
1446 3578 1564 3655 cirta:

305 3700 384 3783 ltaec
411 3694 537 3777 [edilia
566 3716 678 3775 erunt
699 3692 954 3801 pariformiter
978 3716 1111 3777 ornata
1140 3696 1257 3783 auleis
1288 3698 1326 3775 δι
1347 3690 1495 3795 tapetis,
1524 3687 1564 3763 dr
1621 3788 1625 3797 Ι

189 3801 191 3807 ’
304 3810 477 3919 ejusdem
494 3789 1056 3905 altitudinis&latitudinlnita
1070 3810 1164 3888 utin
1178 3794 1565 3901 nnllodifferanrgra·
1681 3907 1685 3912 ἢ
1836 3862 1841 3868 .

286 3928 377 4009 dua
392 3922 472 4003 solii
491 3919 737 4001 Pontificalir:
769 3920 946 3997 &totum
965 3916 1150 4021 spacium,
1165 3918 1273 4029 quod
1293 3909 1468 3999 sedilibus
1487 3906 1564 4014 cir:

304 4034 584 4149 cumpledlitur,
600 4028 1131 4152 pannirflriridilaus',lienum⁴
1280 4020 1286 4035 ·
1459 4052 1467 4060 .

1327 4611 1330 4617 Ι
1369 4474 1568 4595 titur
