4075 5242
424 600 438 634 ·
599 585 702 667 utu.
727 585 785 664 tr.
811 581 971 662 snos.
998 585 1181 666 ssent.
1212 585 1269 665 tt·
1488 605 1570 692 497

290 751 562 853 ἄθίοῦήσεζ
609 753 1572 866 Qi,discedentibusallisteotibus,c'apitfimbriam

296 871 485 984 plusinlis,
506 872 545 948 dt
557 887 666 948 tenet
687 887 778 948 ante
798 891 938 972 corpus
958 873 1073 974 Ptpae.
1133 873 1179 949 Et
1195 891 1310 968 uota,
1333 874 1452 976 quod,
1469 902 1570 982 quo·

268 1000 272 1006 ’
297 991 550 1086 tienseunque
563 985 661 1085 Papa
677 999 825 1078 cantat,
853 979 915 1058 vel
937 979 1197 1085 legit,aliquld
1220 1007 1265 1062 ex
1285 983 1405 1087 libro,
1428 985 1577 1070 sttuite

300 1125 385 1180 uon
399 1096 725 1196 celebratptimus
744 1089 968 1196 Episcopus,
987 1091 1149 1174 affistens
1170 1115 1390 1176 cenetense
1412 1121 1503 1178 eum
1526 1099 1573 1180 li·

299 1211 415 1292 bturn
430 1206 539 1314 supra
554 1226 679 1311 caput,
694 1205 731 1284 dc
745 1202 931 1285 'secundus
945 1203 1146 1312 Episcopus
1167 1229 1275 1287 tenet
1293 1209 1494 1291 candelam
1511 1238 1573 1294 ac·

301 1320 466 1417 musam,
479 1319 643 1400 Diaconi
667 1341 771 1411 vero,
794 1315 1018 1414 ssaffistunt,
1040 1317 1131 1396 hinc
1154 1318 1243 1398 inde
1264 1339 1399 1401 tenent
1421 1347 1572 1408 manus.

303 1441 343 1518 si
359 1459 451 1517 veto
467 1437 563 1539 Papi
581 1428 746 1508 celebrat
763 1422 922 1524 millam,
938 1427 1012 1507 five
1026 1428 1193 1533 vesperas
1209 1427 1394 1538 solennes,
1407 1435 1572 1519 aliistens

304 1546 529 1641 fluminalis,
548 1542 620 1627 sive
636 1540 838 1646 Episcopus
853 1538 995 1638 fit,s1ve
1008 1541 1215 1644 Presbyter,
1236 1564 1341 1624 tenet
1358 1545 1498 1627 librum
1517 1549 1574 1630 su·

304 1689 372 1773 pra
386 1678 514 1766 caput,
527 1658 565 1736 dr
581 1657 724 1761 primus
740 1651 953 1758 Episcopus,
969 1677 1051 1730 non
1066 1651 1291 1755 Cardinalis,
1304 1657 1455 1759 adjuvat
1470 1686 1576 1766 eum,

307 1776 374 1856 alii
390 1771 567 1877 utsupra.
622 1765 728 1847 Fadia
743 1765 1028 1861 benedidiorte‚
1045 1765 1103 1843 vel
1120 1763 1144 1841 sr
1162 1761 1284 1845 sermo
1300 1791 1385 1849 nott
1397 1771 1453 1871 lit,
1469 1771 1577 1853 oscu-

309 1887 390 1968 lato
405 1884 520 1980 libro,
533 1883 570 1960 dt
586 1875 780 1958 incensato
795 1877 996 1977 Pontifice,
1010 1873 1174 1981 utsupra
1187 1877 1363 1983 diximus,
1377 1883 1575 1976 celebrans

309 1999 442 2105 incipit
460 1992 582 2081 Credo,
594 1995 634 2070 dt
651 1990 872 2070 Cardinales
896 1991 1095 2069 venientes
1111 1985 1161 2068 ad
1183 1989 1389 2089 circulum,
1409 1997 1576 2079 circum·
1699 2017 1704 2028 ·

312 2111 410 2191 liant
428 2105 669 2199 Pontificem,
684 2105 720 2180 dc
735 2127 826 2182 cum
847 2101 1028 2182 succedo
1049 2099 1270 2205 perficiunt,
1294 2129 1382 2184 cum
1411 2107 1575 2192 diciruts

312 2225 571 2304 Etincarnarru
586 2216 639 2318 est.
699 2214 997 2295 Cerimoniatius
1022 2213 1122 2316 capit
1147 2237 1191 2290 ex
1213 2215 1405 2294 credentia
1427 2219 1576 2302 bursam

313 2361 404 2414 cum
427 2327 698 2434 corporalibus,
717 2329 754 2404 de
768 2349 854 2404 eam
869 2323 934 2405 dat
948 2325 1139 2429 Diacono‚
1162 2326 1227 2427 qui
1250 2327 1430 2408 ambabus
1455 2335 1577 2413 mani·

235 2495 241 2503 -
299 2447 386 2527 -bus
400 2467 485 2524 earn
498 2442 701 2544 accipiens,
716 2435 895 2538 usquead
909 2436 1046 2514 oculos
1067 2435 1207 2532 ele-vat,
1229 2459 1356 2540 portat
1378 2443 1425 2518 ad
1449 2446 1580 2525 Altate

317 2581 408 2640 cusu
422 2553 638 2633 reverentiis
662 2548 798 2641 solitis,
820 2546 886 2624 ubi
908 2546 1077 2626 extradiis
1092 2547 1182 2624 hinc
1198 2549 1288 2626 inde
1311 2557 1580 2659 corporalibus,

315 2671 479 2777 explicat
493 2663 601 2769 super
618 2661 759 2756 Altare,
778 2657 929 2738 bursam
944 2683 1037 2736 reto
1053 2656 1099 2738 ad
1122 2659 1250 2736 locum
1268 2664 1395 2740 minus
1419 2667 1581 2774 impedi·

318 2808 404 2865 turn
421 2779 553 2886 ponitr
579 2767 940 2853 Deindetevertitur
958 2769 1149 2850 adiutum
1165 2765 1288 2851 suum.
1347 2779 1470 2854 Finito
1495 2785 1582 2859 Cre·

320 2899 383 2994 do,
402 2891 520 2993 surgit
532 2886 725 2968 celebrans
744 2881 822 2960 fine
836 2882 970 2979 mitra,
990 2883 1031 2961 dr
1048 2879 1168 2962 versus
1191 2883 1238 2962 ad
1257 2886 1446 2989 populum
1467 2891 1584 2972 dicit‘:

326 3008 492 3090 Dominus
518 2999 712 3102 uobiscums
738 2991 876 3092 deinde
900 2988 1029 3074 ,versus
1054 2993 1204 3074 Altatc:
1235 2997 1398 3086 Orenrut,
1426 3003 1462 3080 dc
1492 3003 1583 3107 legit
1684 3003 1686 3008 ,
1775 2963 1781 2976 .

322 3113 592 3208 offertorium,
607 3133 691 3188 tum
709 3103 822 3200 sedet,
835 3104 1049 3210 imponitur
1063 3106 1098 3182 ei
1116 3105 1243 3202 mitra,
1265 3109 1589 3218 extrahunturque
1673 3097 1684 3128 '

327 3229 564 3338 chyrotheca
579 3217 812 3316 aministris,
833 3219 870 3296 dc
898 3241 994 3293 unus
1015 3241 1061 3294 ert
1082 3213 1261 3294 scutiferis
1282 3241 1409 3321 portat
1434 3249 1588 3329 aquam,

330 3349 396 3450 qni
410 3344 539 3447 primo
551 3333 642 3414 iacit
655 3330 902 3412 reuerentiam
919 3333 1036 3434 Papa,
1054 3323 1196 3407 deinde
1217 3329 1358 3430 Alteri,
1378 3355 1463 3414 sum
1489 3339 1590 3420 cele·

331 3456 478 3548 branti,
500 3451 562 3528 cui
581 3446 648 3526 dat
669 3464 806 3546 aquam
836 3439 1033 3538 manibus,
1058 3439 1218 3518 ministri
1241 3463 1376 3522 tenent
1397 3473 1590 3557 mappam.

163 3633 168 3640 .
331 3569 490 3653 interint
507 3556 667 3642 allidens
682 3555 904 3634 celebrantis
920 3551 1074 3631 ducitur
1091 3576 1157 3656 per
1172 3555 1480 3639 cerimoniarium
1498 3587 1589 3644 cum

332 3673 491 3776 initiali,
527 3675 566 3752 dc
601 3667 745 3748 collino
788 3683 878 3746 ante
913 3664 1065 3770 petius,
1100 3663 1149 3742 ad
1183 3663 1312 3744 Altate
1355 3694 1443 3748 curn
1487 3697 1592 3750 reve·
1667 3755 1671 3766 ‚
1735 3711 1740 3739 r

335 3792 468 3883 tentiis
494 3784 636 3881 solitis,
666 3778 730 3859 ubi
761 3781 872 3884 ponit
892 3776 1033 3854 librum
1062 3775 1106 3851 in
1126 3773 1220 3852 ,loco
1256 3780 1449 3882 Evangelii
1486 3781 1594 3888 supet

337 3903 539 3997 coffinum,
549 3899 590 3980 dt
605 3891 768 3984 invenit,
780 3915 863 3994 quae
877 3885 962 3965 lunt
977 3881 1150 3980 dicenda,
1171 3884 1308 3967 deiude
1323 3889 1368 3967 ad
1384 3896 1526 3994 patt'em
1553 3897 1595 3972 in

340 4040 462 4100 cornu
485 4011 617 4091 dextro
635 4002 807 4110 expediet
830 3999 1094 4079 celebrantem.
1125 3998 1282 4076 Interim
1310 4001 1425 4078 etiam
1450 4027 1596 4108 paratus
1703 4091 1706 4100 ,

292 4193 299 4204 .
342 4125 604 4210 subdiaconus
615 4141 705 4198 ante
717 4112 950 4194 credentiam
963 4133 1053 4188 cum
1070 4108 1157 4187 velo
1172 4111 1267 4185 circa
1282 4111 1440 4212 collum,
1455 4119 1491 4194 lt
1508 4119 1597 4208 inde

345 4240 483 4344 accipit
499 4234 654 4313 calicem
679 4253 768 4308 cum
783 4247 940 4332 patena,
962 4220 1106 4318 bostis,
1130 4219 1299 4323 bipalio,
1323 4223 1359 4300 dc
1382 4233 1600 4332 cooperitur

347 4347 596 4445 cumtelo,&
610 4341 806 4426 aetedirad
820 4363 940 4417 cotnu
957 4331 1140 4414 liuistrum
1158 4332 1304 4434 nitaris,
1322 4337 1495 4419 videlicet
1514 4345 1598 4446 Epi·
1622 4398 1637 4422 t

349 4536 363 4548 ..
403 4454 911 4568 Hoffin.Monumem.ParsII.
1138 4449 1223 4522 Rtr
1491 4451 1602 4538 stolae,
