4075 5242
660 545 761 627 iii.
791 548 820 627 i.
864 486 1017 632 sicr.
1056 528 1132 633 vi'
1167 525 1347 661 einr.
1572 557 1646 661 '367

244 726 247 729 ·
324 734 334 747 e
360 664 897 813 iffimiiiandidiquibus
914 716 1165 795 Auditoribus
1182 715 1271 796 sacri
1288 715 1431 817 palatii,
1448 717 1513 816 qui
1530 718 1638 795 vide«

360 840 427 897 ant
444 820 480 896 dt
495 820 674 897 ¹ordinent
690 815 923 924 processum:
948 826 1175 927 devideant,
1200 856 1250 908 air
1275 825 1472 931 inquisitio
1488 828 1526 905 ta
1539 850 1630 931 pru·
1763 918 1770 925 ‚

361 929 466 1010 bario
483 926 535 1007 est
552 928 734 1035 legitima,
758 930 1034 1017 &sufficienter
1049 938 1156 1018 falla.
1531 1017 1544 1029 ,
1665 942 1677 953 ’

474 1040 636 1143 Deinde,
654 1040 681 1117 fr
696 1044 919 1147 retulerunt,
936 1072 1018 1127 rern
1036 1051 1134 1129 bene
1148 1044 1220 1129 ell'e
1229 1068 1410 1154 paratam,
1427 1048 1562 1127 iterum
1574 1048 1627 1129 de

357 1148 513 1231 consilio
531 1148 685 1231 fratrum
716 1160 934 1236 committat
963 1160 1085 1240 tribus
1111 1159 1387 1257 cardinalibus,
1424 1156 1627 1265 Episcopo,

354 1264 588 1369 Ptetbytero,
607 1264 643 1341 dt
662 1266 848 1362 Diacono,
873 1271 939 1371 qui
956 1269 1155 1373 diligenter
1173 1273 1390 1350 examinent
1406 1269 1622 1373 inquisitio·

258 1462 264 1471 ,
352 1396 466 1469 m,
496 1375 737 1479 probationes
766 1378 803 1457 de
831 1376 1081 1483 depositiones
1110 1379 1284 1461 testium:
1316 1384 1353 1459 dc
1377 1381 1617 1461 confiderent

355 1482 589 1565 solertissime
605 1491 735 1567 omnia
755 1484 1031 1571 consideranda.
1087 1498 1235 1570 Etcum
1261 1493 1442 1596 placuerit
1465 1490 1618 1570 laubiis·

350 1595 446 1675 srmo
468 1600 642 1677 Domino
663 1598 812 1696 nolito,
843 1598 1005 1679 referant
1033 1604 1073 1679 in
1104 1602 1243 1682 secreto
1261 1602 1507 1681 consistorio.
1568 1607 1616 1681 lit

338 1710 478 1814 ,ptimo
490 1711 539 1787 de
555 1710 771 1789 excellentia
789 1713 871 1789 vitae
891 1714 926 1789 δι
945 1712 1031 1791 fidei
1049 1717 1227 1815 puritate:
1252 1740 1332 1816 qnae
1350 1713 1374 1790 fi
1390 1712 1614 1814 judicabun-

348 1838 409 1897 tur
423 1819 588 1925 collegio
603 1822 700 1899 bene
720 1828 887 1926 probata,
911 1826 947 1900 di
963 1824 1076 1927 digna
1090 1824 1396 1921 sanctificatione,
1412 1844 1504 1902 tunc
1520 1850 1610 1929 pro·

289 1972 296 1977 ·
347 1930 482 2011 cedent
499 1934 546 2011 ad
560 1936 839 2042 narrationem,
863 1935 1183 2041 &probationem
1201 1934 1541 2032 miraculorum&
1559 1936 1612 2014 de

343 2039 523 2121 consensu
539 2044 798 2147 cardinalium
816 2044 920 2125 liniet
938 2051 1117 2125 Summus
1135 2046 1307 2125 Pontifex
1322 2051 1452 2145 vitain,
1475 2048 1511 2123 ἃ
1529 2048 1606 2125 mi·

209 2160 214 2169 '
345 2153 485 2233 racula:
514 2180 595 2258 qua:
610 2158 660 2231 ita
677 2172 787 2233 erunt
804 2156 1031 2241 sufficienter¹
1044 2154 1117 2237 else
1141 2161 1307 2261 probata.
1365 2156 1515 2235 Deinde
1531 2158 1605 2255 ,de-

344 2263 727 2369 liberationemque
743 2268 898 2371 probata
917 2266 1013 2373 sunt,
1029 2270 1227 2369 videantur
1241 2268 1341 2363 talia,
1360 2273 1608 2372 propterque
1693 2349 1696 2358 ,

249 2420 258 2427 -
343 2379 481 2455 merito
498 2376 538 2455 fit
556 2378 793 2456 decernenda
827 2380 1078 2457 canonizatio.
1139 2384 1253 2457 Tunc
1277 2404 1320 2457 ex
1342 2376 1498 2453 consilio
1529 2374 1606 2453 fra·-

342 2506 444 2565 ttum
469 2487 599 2567 delinit
622 2488 812 2589 Pontifex,
828 2492 1156 2567 canonizationem
1179 2482 1250 2566 effe
1266 2484 1488 2566 faciendam.
1544 2490 1620 2565 Fit

338 2595 421 2707 poll
436 2600 512 2679 liaec
534 2600 726 2705 publicum
745 2600 1039 2699 consistorium,
1061 2603 1101 2679 in
1125 2627 1204 2705 quo
1224 2598 1395 2679 Pontifex
1409 2624 1496 2675 eum
1515 2597 1603 2701 plu·

337 2714 427 2817 tiali
457 2711 597 2809 rubeo,
627 2715 663 2790 dr
692 2714 799 2790 mitra
820 2710 988 2817 preciosis
1013 2710 1164 2806 residet,
1193 2714 1230 2788 de
1253 2712 1457 2789 advocatus
1480 2707 1599 2787 causae

334 2821 449 2925 longa
462 2826 635 2903 oratione
651 2825 831 2930 proponit
845 2826 970 2911 uitam,
979 2824 1086 2924 gista,
1109 2821 1332 2917 &miracula
1354 2821 1599 2906 cenomannici,

335 2936 373 3013 ἃ
391 2934 545 3014 demum
552 2936 727 3039 stupplicar
740 2938 900 3012 numine
917 2938 1128 3037 Principum
1148 2937 1184 3013 dc
1203 2934 1447 3037 populorum,
1461 2934 1527 3030 qui
1545 2931 1633 3038 def·

332 3070 374 3125 ea
391 3072 432 3125 re
446 3046 675 3152 scripserunt,
689 3049 782 3125 bona·
793 3048 962 3123 memoria
978 3048 1091 3125 talem
1107 3038 1383 3144 asscribendum
1407 3034 1477 3119 else
1491 3064 1513 3117 a
1529 3040 1591 3118 furt
1607 3097 1612 3107 ·

331 3160 583 3239 Sanditatein
600 3160 811 3260 catalogum
830 3158 1054 3235 saiittorum
1080 3156 1237 3235 Christi:
1264 3166 1382 3257 utque
1405 3180 1426 3233 a
1448 3152 1597 3231 tundis

331 3269 502 3351 fidelibus
517 3268 730 3376 probando
741 3290 951 3363 veneretur,
969 3266 1264 3346 decernendum.
1323 3263 1507 3360 Pontifex,
1524 3287 1590 3340 air·

328 3380 410 3461 dito
429 3385 637 3478 Advocato,
654 3382 780 3460 laudat
795 3380 873 3480 eius
888 3378 1126 3457 facundiam:
1148 3376 1260 3470 dicit,
1284 3373 1446 3451 libenter
1467 3370 1505 3450 se
1521 3392 1587 3452 au·

326 3489 455 3572 diuise
477 3516 553 3573 tam
569 3492 738 3571 miranda
762 3490 861 3569 illiue
880 3490 950 3571 viri
976 3488 1185 3590 piaconiat·
1204 3484 1303 3563 velle
1327 3506 1455 3563 tamen
1478 3479 1591 3591 super

79 3603 83 3620 ’
207 3596 213 3599 ’
320 3604 396 3684 ‘bac
413 3630 455 3683 re
467 3606 648 3683 maturius
664 3627 752 3681 cuni
769 3600 941 3681 fratribus
957 3598 1028 3679 suis
1042 3598 1261 3691 deliberate,
1282 3596 1446 3694 hortari,
1457 3588 1587 3694 'arque

327 3715 484 3795 monere
501 3736 656 3811 ornnes,
680 3736 723 3791 ut
746 3714 909 3791 divinam
935 3713 1179 3790 clementiam
1202 3708 1431 3810 implorent,
1454 3724 1586 3806 quate·

324 3852 395 3907 nur
411 3828 586 3931 dignetur
601 3824 775 3931 inspirare
793 3828 832 3900 iri
850 3844 978 3900 mente
995 3822 1069 3918 lira,
1089 3824 1124 3899 de
1141 3818 1297 3898 fratrum
1313 3817 1580 3906 snorum,8an·

324 3938 392 4043 effla·
403 3946 590 4019 Romana·
600 3934 762 4015 Ecclesiae
777 3932 1051 4026 Cardinalium,
1067 3952 1183 4031 atque
1205 3927 1383 4006 omnium
1408 3922 1578 4000 Praelata·

323 4076 423 4149 rum,
440 4076 606 4155 quorum
621 4044 778 4127 consilio
801 4048 839 4123 in
863 4066 975 4121 tanto
996 4045 1153 4144 negotio
1174 4038 1217 4116 bt
1240 4036 1387 4130 usurus,
1409 4056 1470 4126 ea,
1495 4048 1582 4133 qua⁴

228 4186 244 4199 ·
322 4158 391 4239 fuae
408 4164 590 4265 placitura·
602 4158 685 4237 funt
710 4158 917 4240 divinitati:
945 4178 1071 4262 neque
1093 4152 1284 4255 permittat
1305 4170 1425 4223 errare
1449 4146 1576 4250 Eccle-

318 4272 410 4359 fiam
439 4272 544 4359 suam
572 4272 761 4357 Samiam.
824 4268 1112 4379 Pialaioaiero
1132 4277 1287 4362 muno,
1314 4278 1361 4339 ut
1386 4254 1580 4382 superbie

661 4424 667 4431 ·
879 4421 880 4428 κ
1472 4390 1580 4470 cogi·
