4075 5242
376 537 378 544 ’
408 687 411 693 ,
537 586 643 668 trus
666 590 717 667 rr.
739 586 906 666 sacr.
936 592 990 669 11.
1022 588 1142 671 cnr.
1172 534 1322 671 xrrvr.
1441 624 1450 635 -
1488 588 1565 689 ⁶47

137 854 141 861 .
167 757 180 777 '
292 759 419 851 mitra,
429 756 523 834 redit
535 754 731 836 adsedem.
767 760 1192 843 ·Diciturtantunrunn
1209 769 1348 867 oratio,
1363 764 1559 845 videlicet:

288 869 459 947 Fidelium
473 871 568 945 Deru
581 869 734 945 omnium
748 865 813 960 (jc.
855 866 1138 973 subdiaconus,
1160 875 1258 957 dina
1273 874 1448 980 epistola,
1471 896 1556 951 non

287 975 477 1057 oseulatur
493 978 631 1083 pedem
647 982 762 1088 Papa,
777 1002 906 1082 neque
922 984 1114 1064 Diaconus
1132 1012 1202 1090 pro
1218 988 1424 1093 Evangelio
1439 984 1555 1063 illum

291 1088 482 1169 oseulatur
500 1112 512 1166 r
547 1088 593 1167 ad
609 1088 856 1191 Evangelium
871 1113 951 1169 nou
969 1114 1169 1198 portantur
1184 1097 1405 1197 luminaria,
1428 1118 1558 1199 neque

212 1296 216 1301 ⁴
288 1196 511 1298 incensum,
534 1217 660 1303 neque
679 1200 876 1280 Diaconos
896 1204 1029 1309 accipit
1050 1206 1378 1287 benedidinnem.·
1426 1209 1554 1286 Finito

285 1310 504 1415 Evangelio,
518 1315 699 1414 Papanon
715 1306 1552 1422 osculatutlibrunr,nequebenedicitaquam
1675 1314 1684 1323 ’

287 1418 556 1524 pro'sacrifitio
573 1424 614 1499 in
629 1422 746 1501 calice
761 1422 1048 1527 imponendam.
1104 1424 1554 1532 PosiOffertoriumPapa

283 1528 449 1636 it'nponit
464 1531 657 1611 intensum
673 1555 782 1611 more
796 1529 1055 1637 consuetos&
1068 1535 1307 1619 ineeussntur
1328 1540 1469 1635 oblata,
1484 1538 1552 1615 Al·

283 1660 374 1739 tare,
391 1640 746 1744 celebraonffl'apa
762 1662 928 1739 tantum,
944 1646 1072 1723 &non
1088 1648 1170 1724 alii:
1184 1648 1548 1728 ·Subdiaeonusnon

283 1772 390 1833 tenet
403 1772 593 1857 patenam,
609 1772 653 1831 ut
666 1756 707 1831 iu
722 1750 803 1832 aliia
819 1754 949 1843 Millis,
966 1750 1028 1831 sed
1041 1754 1087 1834 ad
1102 1756 1355 1837 elevationem
1376 1759 1415 1835 in
1426 1781 1549 1837 cornu

286 1862 446 1970 epistole
475 1860 711 1966 genuflexus,
735 1860 903 1943 incensat
924 1868 1221 1947 Sacramentum.
1284 1872 1402 1974 Papa,
1439 1866 1550 1947 ditio

286 1979 438 2064 Sandrrr,
458 1998 549 2053 tum
565 1973 806 2055 adisientibua
823 1974 930 2053 venit
950 1974 997 2053 ad
1014 1972 1274 2071 faldistorium,
1298 1977 1362 2055 ubi
1377 1976 1547 2081 deposita
1627 2048 1628 2059 i
1693 2042 1698 2058 .

284 2088 398 2167 mitra
413 2084 644 2190 genuflectit,
664 2083 864 2189 quousque
876 2083 1068 2163 celebrans
1078 2084 1196 2165 ditat:
1226 2092 1297 2167 Per·
1309 2087 1547 2186 omniafttula

272 2197 486 2303 sttulorum,
508 2184 596 2275 ante'
616 2199 696 2274 Pax
713 2197 869 2274 Domini.
928 2200 1034 2272 Tum
1051 2193 1164 2301 surgit
1177 2193 1368 2295 Pontifex,
1390 2198 1427 2273 dt
1441 2218 1546 2275 aece-

284 2328 349 2415 pta
364 2308 487 2407 mitra,
504 2308 601 2387 redit
616 2305 662 2383 ad
680 2303 838 2382 solium:
868 2304 932 2383 ubi
948 2303 1115 2409 depofita
1132 2308 1241 2385 mitra
1258 2306 1352 2385 dreit·
1363 2328 1452 2384 turn
1461 2304 1541 2387 affi-

280 2418 474 2511 stentibut,
489 2422 605 2517 Agnus
620 2417 700 2495 Dei.
759 2413 965 2495 Celebrant
980 2439 1062 2494 non
1083 2414 1174 2495 dicit
1191 2416 1437 2496 Orationem:
1466 2420 1543 2495 Do·
1604 2512 1608 2517 ·
1762 2450 1766 2459 ⁴

281 2532 374 2610 mina
386 2528 473 2629 Jesta
487 2528 572 2605 Chri
599 2554 630 2612 e,
649 2526 713 2629 qui
733 2524 850 2622 dixilli
871 2524 1032 2629 Apostoli
1054 2534 1142 2605 turi:
1177 2550 1300 2628 neque
1312 2549 1389 2628 pax
1410 2550 1539 2613 terum,

279 2640 344 2722 sed
361 2640 564 2742 sequenter»
617 2630 800 2713 Osculum
820 2638 921 2739 paris
942 2658 1023 2713 non
1043 2634 1172 2736 datur,
1195 2636 1385 2716 celebrans
1410 2658 1540 2740 proce·
1620 2718 1624 2728 ,

280 2753 339 2833 dit
354 2752 395 2829 in
411 2740 519 2827 Miffa
543 2770 653 2825 more
675 2740 869 2825 consueto.
927 2751 972 2825 Et
997 2744 1168 2825 Pontifex
1188 2745 1234 2826 ad
1257 2747 1472 2825 orationem
1496 2746 1546 2827 in:

278 2864 359 2945 sine
374 2860 479 2941 venit
491 2858 538 2938 ad
555 2855 825 2953 faldistorium,
852 2854 1139 2963 &genuflediitt
1168 2855 1304 2937 deinde
1327 2856 1391 2935 illa
1412 2854 1536 2953 finita,

279 2974 378 3059 redit
394 2971 440 3051 ad
456 2970 594 3051 sedern.
653 2975 698 3047 Et
714 2968 916 3063 celebrans,
934 2968 1037 3047 dieto
1052 2970 1091 3047 in
1109 2967 1225 3051 Altari
1237 2968 1377 3049 Placeat
1392 2964 1458 3061 &n
1475 2989 1537 3045 va·

211 3132 233 3189 .·
283 3086 341 3167 dit
356 3084 403 3165 ad
420 3078 683 3174 faldistorium,
697 3078 855 3183 deponit
869 3074 984 3157 vellet
1000 3074 1126 3175 sacras,
1142 3082 1179 3157 δι
1195 3078 1353 3157 demum
1369 3074 1472 3154 vadit
1488 3071 1546 3151 ad.

263 3198 414 3278 -loeunr
433 3193 541 3275 suurn
558 3194 656 3271 inter
669 3188 905 3267 Cardinalea:
931 3212 1010 3266 non
1029 3188 1139 3267 datur
1154 3186 1383 3281 benedidio,
1407 3206 1535 3287 neque

236 3376 241 3383 ,
279 3306 534 3411 indulgentie.
596 3284 1537 3403 Deinde‚s1PontisenvelitpollMiffamabsolvere,

282 3422 437 3525 incepto
453 3412 708 3498 a'tantoribu't
729 3408 996 3521 Responsoriot
1024 3413 1147 3491 Libera
1167 3438 1234 3511 mr,
1253 3410 1414 3497 Domine,
1435 3405 1542 3513 apud‘

280 3528 410 3613 sedem
431 3526 785 3635 deponit-cappam,
807 3524 990 3626 &accipit
1005 3522 1170 3627 pluviale
1185 3518 1341 3598 rubrum
1366 3519 1535 3620 simplex,

270 3643 460 3750 fiplocer:
484 3640 521 3717 δι
541 3636 695 3743 ponitur
713 3651 803 3711 ante
817 3656 907 3711 eunt
923 3650 1070 3737 pannus
1085 3636 1192 3734 niger
1215 3628 1261 3707 ad
1279 3628 1354 3706 hoc
1372 3648 1534 3727 paratus,

279 3758 320 3838 de
340 3748 551 3834 extenditur
574 3773 595 3825 a
612 3744 772 3825 scabello
790 3739 882 3820 sedis
905 3766 971 3845 per
987 3742 1144 3844 planum
1163 3740 1198 3816 dt
1214 3734 1349 3845 gradus
1366 3734 1447 3811 solii
1465 3732 1534 3831 sui,

211 3902 218 3909 ·
278 3868 319 3950 ἃ
334 3874 497 3972 quatuor
512 3854 696 3941 Aeolurlri
712 3852 973 3959 superpelliciis
987 3852 1219 3929 induuntur:
1249 3845 1541 3927 &dumtanto··

277 3999 336 4061 ret
359 3971 541 4077 replicant
563 3962 868 4071 Responsorium,
883 3964 1008 4041 Libera
1021 3988 1088 4060 me,
1109 3962 1269 4047 Domine,
1285 3956 1467 4037 artedunt
1481 3952 1535 4035 ad·

273 4070 506 4175 ¹l’ontllitem
527 4078 608 4158 duo
628 4076 831 4172 incolumi,
854 4096 951 4151 unus
966 4096 1052 4152 eum
1069 4070 1265 4149 thuribulo
1283 4070 1319 4150 dr
1334 4067 1531 4167 navicella,

275 4204 372 4288 aliur
391 4188 678 4295 cumraseaqua
692 4182 893 4263 benedinae
908 4184 945 4261 δι
961 4180 1181 4286 aspersorio:
1208 4183 1244 4259 de
1260 4176 1441 4275 Pontifex,
1457 4178 1532 4254 nri·
1702 4228 1713 4234 -

276 4310 457 4400 nillraute
485 4307 613 4413 Priore
649 4296 957 4415 irnbyterorurn
993 4290 1256 4382 cardinalium
1284 4290 1532 4508 mice'lulripn’
1620 4364 1623 4371 ,
1785 4343 1792 4351 .

431 4459 437 4471 ’
1489 4424 1534 4480 0·
