4075 5242
97 549 101 559 ’
222 595 228 606 “
433 594 517 714 r¹470*
644 547 1560 698 srcmuncmnonmm
1705 645 1712 653 -

292 850 297 882 ,
353 875 360 882 ,
436 775 786 859 bontteslanrento.
840 771 960 880 de
979 769 1126 872 sudum
1139 768 1246 851 sanus
1261 797 1353 870 erat,
1369 775 1555 878 quispiam
1575 775 1702 874 negle·
1802 809 1807 820 ,

436 893 502 990 xit,
518 887 646 1002 saltem
656 887 757 970 *dum
773 910 934 990 corpore
947 884 1116 988 languet,
1131 885 1168 964 δι
1183 905 1350 965 mortem
1361 885 1564 966 adventare·
1577 885 1702 985 timet,
1795 893 1813 956 .’

435 1003 477 1084 id
495 1025 605 1106 agere
620 1025 700 1079 non
716 999 993 1104 praetermittat,
1015 996 1077 1076 sed
1093 1021 1182 1077 curn
1205 996 1306 1077 redte
1326 1001 1462 1076 animae
1480 993 1568 1094 suae,
1592 993 1702 1075 fami·

435 1115 507 1210 liae,
526 1117 563 1194 δι
579 1111 650 1190 suit
674 1110 882 1190 haeredibus
906 1108 1152 1216 prospexerit,
1173 1108 1213 1190 id
1238 1112 1420 1216 precipue
1443 1130 1569 1205 curet,
1593 1101 1705 1188 ut‘ex
1806 1157 1811 1166 -

435 1250 603 1307 numero
625 1221 888 1304 cardinalium
911 1241 1128 1302 executores
1149 1245 1216 1301 eor
1242 1221 1382 1328 deligat
1406 1217 1722 1320 suitedamenn,
1760 1289 1786 1326 ι

399 1390 402 1394 -
437 1341 504 1444 qui
521 1339 750 1441 integritate,
766 1337 803 1413 δι
819 1334 1044 1416 auctoritate
1063 1333 1152 1413 clari
1175 1333 1405 1435 habeantur,
1428 1335 1494 1438 qui
1516 1330 1705 1414 familiam

429 1561 517 1644 lint.
576 1561 765 1640 Ceterum
789 1559 854 1662 qui
873 1559 1071 1662 egrotanti
1094 1555 1277 1645 assistent,
1302 1553 1327 1640 fi
1352 1557 1419 1636 ille
1440 1557 1580 1636 morbo
1592 1581 1693 1659 prce·

299 1527 324 1546 ,.
432 1450 549 1550 tueri,
566 1451 602 1527 de
617 1451 753 1553 legata,
767 1469 880 1550 atque
895 1446 1022 1526 relidla
1039 1445 1221 1524 testatoris
1230 1446 1389 1553 implere
1404 1445 1536 1543 velint,
1552 1446 1589 1522 dt
1605 1469 1699 1548 pora
1717 1459 1722 1466 '

433 1671 494 1753 sue
515 1678 596 1773 ejus
612 1673 665 1748 rei
682 1660 1019 1766 nontneminilset,
1046 1689 1151 1747 curet
1168 1671 1388 1772 diligenter,
1410 1691 1452 1750 ut
1469 1671 1508 1748 in
1525 1689 1701 1774 tempore
1829 1725 1833 1732 -

370 1781 677 1865 'Ecclesiastico
693 1778 922 1862 sacramenta
938 1802 1019 1858 non
1039 1781 1161 1876 clam,
1185 1779 1247 1859 sed
1273 1781 1421 1886 publice
1434 1779 1696 1860 administren·
1793 1797 1798 1810 ·
1899 1805 1904 1812 ·

420 2031 506 2100 rer,
524 2005 589 2108 qui
607 2004 857 2083 decedentem
881 2003 998 2081 losttir
1022 2001 1154 2082 officiis
1175 2004 1436 2100 consolentur,
1452 2007 1488 2082 dr
1505 2005 1700 2083 bonorum

431 2119 613 2197 omnium
636 2113 929 2216 descriptionem
951 2113 1110 2214 faciant,
1130 2133 1250 2221 caque
1272 2115 1356 2195 fidit
1376 2114 1626 2214 ministtie,&
1654 2117 1694 2194 in

431 2229 531 2307 locit
559 2227 649 2306 tutis
679 2224 921 2304 custodienda
950 2229 1208 2308 committant.
1262 2233 1484 2306 Execurorec
1512 2229 1553 2304 in
1575 2225 1698 2307 domo

256 2390 264 2404 =
308 2411 311 2415 ,
430 2338 649 2422 decedentis
664 2341 949 2436 convenientes,
965 2363 1047 2442 quae
1064 2337 1111 2418 ad
1128 2338 1298 2434 salutern,
1317 2337 1379 2416 seu
1394 2335 1700 2426 consolationem

431 2453 571 2534 animae
585 2451 684 2528 illius
703 2451 908 2553 pertinent,
931 2451 969 2526 in
993 2452 1123 2550 primis
1145 2450 1423 2558 procurabunt,
1446 2451 1696 2530 ordinabunt·

428 2587 529 2667 que,
550 2583 592 2641 ut
610 2561 678 2637 viri
695 2559 857 2664 religios
879 2557 1095 2662 psallentes,
1121 2563 1157 2640 δι
1181 2583 1346 2661 orantes,
1369 2562 1600 2641 morientem
1623 2564 1695 2640 cir·

430 2673 633 2771 cumstent,
650 2669 962 2750 administrationi
981 2669 1128 2750 &turae
1142 2673 1280 2752 domus
1305 2673 1506 2778 praeficiant
1529 2673 1701 2776 aliquem

169 2763 173 2770 ¹
261 2840 268 2848 -
348 2804 354 2814 ·
430 2784 575 2880 exsule,
592 2782 762 2885 quicum
785 2779 1006 2858 officialibus
1029 2781 1166 2863 domuc
1190 2780 1371 2864 familiam
1393 2785 1580 2888 gubernet
1603 2787 1702 2890 paci·

428 2893 523 2988 fiee,
546 2896 582 2970 dc
599 2891 749 2995 quiete,
769 2895 809 2986 dc
836 2881 1031 2989 neccssaria
1053 2895 1260 3000 provideat.
1315 2897 1485 3002 Indeque
1511 2895 1558 2976 ad
1578 2895 1697 2977 dedu·

274 3081 277 3090 ,
418 3003 595 3084 ‘cendum
614 2999 742 3098 scmus,
755 3028 840 3105 ,quae
856 3005 1182 3108 opportunesunt,
1202 3007 1362 3088 statuant
1379 3009 1416 3088 dt
1433 3009 1698 3114 comminante

307 3125 310 3132 '
428 3115 474 3195 fit
490 3117 620 3210 ctiam,
636 3115 701 3216 qui
719 3117 934 3218 orationem
954 3115 1152 3196 funebrem
1170 3120 1386 3200 meditetur.
1448 3123 1551 3202 Cum
1567 3143 1697 3202 autem

428 3227 613 3329 languens
630 3223 799 3328 spiritum
816 3229 989 3305 Creatori
1008 3229 1232 3328 reddiderit,
1257 3228 1434 3324 ministri,
1460 3231 1630 3338 deposito
1652 3257 1698 3313 ex

427 3337 531 3418 ledlo
546 3336 627 3444 post
642 3338 830 3415 morulam
846 3333 1038 3434 cadavere,
1057 3339 1154 3418 istud
1175 3342 1295 3420 calida
1319 3365 1416 3445 aqua
1440 3343 1586 3441 lavent,
1609 3345 1697 3424 bar·
1768 3365 1783 3372 “

163 3539 176 3550 ,
427 3446 518 3530 bam
534 3447 677 3546 radant,
694 3448 966 3548 mundetur,:&
981 3453 1033 3528 ita
1048 3473 1181 3530 curent
1196 3455 1421 3558 opportunis
1444 3450 1632 3552 remediis,
1650 3475 1695 3536 ut
1714 3462 1720 3488 “·
1773 3505 1775 3512 ·

301 3595 337 3609 ··
425 3585 563 3666 corpus
590 3559 667 3639 line
690 3557 827 3638 foetore
854 3559 1040 3664 usquead
1071 3561 1313 3664 praestitutum
1337 3585 1487 3668 tempus
1520 3563 1721 3646 reservari·

215 1895 219 1902 ’
268 1955 272 1961 ·
433 1893 728 1993 tur,&dumin
746 1891 1106 1971 extremitlaborare
1130 1892 1284 2000 incipit,
1310 1894 1499 1972 advocent
1521 1905 1698 1970 executo·
1773 1892 1777 1896 ’

1706 2313 1943 2566 <l

1741 2581 1944 2836 l

1867 3228 1875 3236 ,

423 3675 550 3776 pollit.
609 3669 826 3775 significent
850 3673 1113 3753 executoribus
1128 3676 1264 3755 horam
1288 3675 1481 3773 transuere,
1505 3699 1547 3756 ut
1568 3677 1624 3756 illi
1646 3679 1694 3760 dc
1841 3757 1844 3762 ,
1943 3709 1944 3772 3

321 3847 327 3856 ,
422 3785 521 3865 hora
535 3781 677 3864 funeris
692 3780 899 3862 deliberare
923 3784 1097 3863 valeanta
1134 3811 1252 3889 quam
1276 3785 1414 3867 deinde
1437 3807 1503 3890 pet
1526 3787 1695 3870 cursoree

423 3896 507 3978 aliis
524 3893 787 3975 cardinalibus
802 3895 1274 3996 Prelatic,&Curialibus,
1288 3922 1402 4002 atque
1418 3901 1535 3979 etiam
1559 3901 1716 3981 Colle··
1781 3992 1783 3996 ¹
1943 3963 1944 3966 i

421 4010 493 4112 giis
509 4009 547 4085 dc
560 4006 824 4086 Conventibut
852 4005 1116 4108 elericorum,
1138 4035 1180 4090 ac
1196 4010 1494 4116 Religiosorum,
1517 4037 1614 4121 quor
1630 4010 1691 4092 su.

368 4121 507 4200 'neri
521 4111 694 4196 interesse
711 4116 915 4216 voluerint,
931 4119 1176 4201 intimabunt.
1216 4123 1309 4202 ,sed
1333 4143 1448 4216 nota,
1472 4120 1579 4226 'quod
1601 4101 1692 4204 riute·
1823 4149 1830 4158 ·
1942 4117 1944 4140 ¹

423 4231 588 4308 Slll'sl
615 4231 684 4308 tv.
714 4249 887 4332 tempora
908 4229 1126 4328 cardinales
1162 4257 1244 4311 non
1265 4229 1543 4332 consueverunt
1568 4238 1622 4322 ire
1642 4235 1691 4318 ad
1723 4301 1727 4304 .

427 4337 594 4446 domum
610 4337 821 4453 cardinalis
835 4336 1017 4452 defundi,
1039 4339 1106 4449 nist
1130 4363 1544 4466 executor-ertantutn,
1566 4355 1694 4426 mnte-

1513 4483 1518 4493 ’
1600 4460 1720 4572 pant..
